3042 4900
267 251 348 351 124
571 283 758 347 ononuu
782 282 1022 348 suusurzsn

261 424 322 511 ιτδρ
344 423 509 512 Θεόδωρος
538 429 683 512 ἐβούλετο
704 433 850 514 γενέσθαι
870 430 1027 516 μοναχός,
1055 433 1147 498 καίδ
1170 432 1228 516 τδρ
1253 439 1356 501 Κων-

260 533 421 601 σταντῖνος
444 531 630 616 ἒνατιομείνῃ
652 532 804 614 αδθέντης
825 536 869 610 εἰς
890 533 996 598 πᾶσαν
1016 531 1072 616 την
1091 533 1352 618 Πελοπόννησον·

259 619 294 699 ὃς
313 626 542 710 μεταμεληθεὶς
562 623 691 712 ὕστερον
711 630 769 692 ουίι
790 632 911 712 ἐγένετο
933 627 1082 712 μονάχός.
1103 637 1177 711 μεθ’
1197 624 1241 696 ὧν
1262 632 1355 716 κιίγώ

260 722 349 811 ἀρχῇ
367 725 412 799 είς
431 726 490 807 την
510 727 752 812 Πελοπόννησον
771 721 882 812 ἦλθον,
902 731 948 804 εἷς
969 727 1160 813 δουλοσύνην
1183 734 1238 795 τοῦ
1256 735 1358 813 βασι-

260 825 339 898 λέως
359 826 416 887 τοῦ
429 825 585 890 ου’θίντου
596 850 659 905 μου
680 819 733 907 οἷν,
755 832 810 892 καί
830 826 882 892 ἵνα
902 829 1069 909 ineditae
1090 829 1144 892 καί
1164 828 1217 894 τὸν
1238 815 1395 896 desub-5

260 943 317 1005 την
340 920 399 1004 κὺρ
420 927 659 1009 Κωνσταντῖνον
687 928 728 988 δι’
748 927 853 990 αἰτίαν
873 925 1031 1012 τοιαύτην.
1079 923 1131 992 ὅτε
1152 927 1170 991 ὅ
1193 929 1356 1012 μακάριος

260 1018 317 1084 καί
334 1022 477 1103 ἀοίδιμος
490 1023 596 1107 πατὴρ
619 1025 727 1089 ον’τῶν
745 1019 851 1108 ἤγγιζε
872 1025 951 1110 πρὸς
970 1023 1004 1090 sd
1027 1029 1210 1104 ἀποθανεῖν,
1236 1031 1356 1110 προσέ-

259 1123 333 1196 ταξέ
351 1143 392 1201 με
414 1126 470 1186 καί
488 1121 615 1205 ἔγραψα
635 1127 770 1188 τοιαῦτα
789 1125 1012 1208 οἰκειοχείρως,
1035 1125 1112 1208 οδχί
1131 1125 1174 1202 οἷς
1194 1123 1357 1210 διαθήκην

261 1220 362 1283 adsoni
375 1246 383 1263 ·
438 1215 476 1284 osi
498 1219 559 1305 γὰρ
592 1225 781 1288 διατιθεϊσιν
807 1221 837 1288 οἱ
857 1217 1014 1308 βασιλεῖς,
1037 1223 1117 1290 etti
1139 1227 1356 1308 προοτοὲττου.

261 1343 321 1383 σιν.
362 1321 397 1382 ἐν
429 1311 635 1405 ᾗπροοτιίξει
667 1323 831 1408 διωρίζετο
850 1324 926 1387 τάδε
946 1321 1027 1407 οῗτιερ
1051 1326 1107 1387 καί
1127 1321 1277 1406 ἔγραψα,
1300 1326 1355 1389 ἳνα
1376 1347 1420 1388 ιο

261 1414 319 1503 ἔχη
339 1417 470 1493 ἕκαστος
491 1422 555 1482 τοῖν
572 1415 652 1483 υἱῶν
673 1421 776 1485 αδτοῦ
805 1419 902 1501 ὁμὲν
925 1423 996 1485 τόδε
1018 1421 1035 1483 ὅ
1057 1424 1092 1486 δὲ
1114 1418 1187 1486 τόδε
1209 1421 1270 1485 α’τιὸ
1290 1426 1358 1486 τοῖν

261 1517 353 1580 τ’δίων
382 1517 482 1580 αδτοῦ
508 1515 665 1604 λαφύρων
691 1521 748 1584 καί
765 1522 865 1584 λίθων
893 1523 1073 1599 πολυτίμων
1103 1523 1159 1586 καί
1184 1520 1360 1603 ἀξιολόγων

261 1615 364 1696 εἰδῶν,
387 1617 445 1679 καί
461 1614 501 1680 τὰ
523 1615 617 1681 λοιπὰ
638 1619 695 1702 τῆς
718 1619 829 1695 οδσίας
851 1619 956 1683 ου’τοῦ
975 1612 1074 1704 ἤγουν
1092 1621 1148 1702 τῆς
1169 1617 1231 1684 ἔσω
1252 1625 1360 1684 σαλα-

262 1717 347 1792 τίου,
384 1712 548 1798 ἱματισμοί
579 1716 635 1780 καί
662 1720 879 1802 παρασκευαί,
912 1717 965 1781 ἵνα
991 1721 1131 1806 μερισθῇ
1154 1719 1199 1793 εἰς
1215 1723 1358 1802 τέσσαρα

262 1810 360 1899 μέρη,
396 1818 442 1890 είς
462 1814 690 1900 τιαραστοὶσιμα
708 1815 765 1881 καί
782 1817 982 1902 λειτουργίας
998 1813 1079 1902 sinin
1102 1819 1201 1881 odsoo‘
1222 1821 1357 1882 κατεπέ.
1375 1824 1419 1889 15

263 1936 351 1978 κεινα
372 1916 435 1979 τῶν
454 1904 626 1999 συνήθων,
655 1913 680 1979 di
707 1920 883 1992 πολυτελῶς
910 1916 966 1980 καί
988 1921 1091 1994 καλῶς
1113 1913 1289 2001 ἐδόθησαν,
1312 1915 1355 1980 ssi

157 2077 160 2081 .
266 2013 302 2076 di
322 2015 414 2098 ἕτερα
444 2017 518 2097 τριά
547 2015 628 2099 μέρη
660 2015 706 2090 εἰς
726 2013 892 2097 πτωχούς,
920 2013 1116 2098 εἰς’ίατρούς
1144 2019 1198 2079 καί
1220 2015 1263 2088 εἰς
1282 2011 1362 2088 τοίς

265 2112 369 2175 αδτοῦ
390 2111 578 2187 κελλιοίτας·
630 2115 791 2195 ἐπίτροποι
821 2115 856 2178 δὲ
881 2107 959 2178 ω’σιν
986 2102 1233 2196 δανευματικδς
1254 2114 1360 2176 usito&

267 2205 284 2272 si
308 2211 341 2274 ἐν
369 2213 409 2298 τῇ
427 2213 489 2275 τῶν
509 2208 745 2282 Ξανθοτιοδλων
763 2215 845 2300 μονῇ
866 2209 1037 2298 Μακάριος
1068 2213 1088 2276 δ
1113 2216 1147 2292 ἐξ
1171 2208 1357 2296 Ἰουδαίων,

238 2307 286 2373 Bo‘
308 2308 496 2386 διδάσκαλος
513 2307 632 2398 Ἰωσὴφ
657 2313 692 2376 ἐν
712 2313 753 2399 τῇ
773 2313 831 2377 sosi
853 2312 1070 2399 Χαροιοινίτον
1089 2316 1188 2402 μονῇ,
1208 2309 1264 2376 καί
1283 2311 1357 2394 ἐγώ.
1371 2341 1417 2382 no

338 2540 363 2592 3.
379 2537 504 2609 μοναγδς
522 2553 566 2590 om
583 2538 603 2590 P
708 2539 734 2606 4.
753 2534 839 2613 ἀρχῇ]
857 2537 969 2611 πρῶτον
986 2536 1005 2589 Ρ
1113 2538 1137 2593 5.
1154 2535 1203 2591 τοῦ
1220 2532 1359 2591 sturton

233 2645 236 2650 -
335 2627 393 2680 μου
414 2625 458 2659 orn
478 2608 508 2659 Μ
609 2604 749 2681 ἀποβλέπγ
768 2610 798 2661 Μ
886 2614 912 2664 6.
931 2607 945 2664 δ
964 2625 1008 2661 om
1023 2606 1073 2659 MP
1179 2610 1195 2661 8
1221 2623 1258 2678 με
1276 2622 1319 2656 ουτ
1340 2608 1360 2659 Ρ

338 2680 448 2749 ἔγραψε
464 2678 483 2731 Ρ
569 2699 594 2751 9.
614 2678 792 2734 διατιθέασιν
809 2678 829 2730 Ρ
930 2698 969 2733 ιο.
987 2676 1060 2749 ἅπερ
1077 2680 1125 2731 καὶ
1143 2680 1255 2747 ίγριιψα
1275 2692 1318 2727 osu
1339 2678 1359 2729 P

342 2764 380 2799 sn.
397 2748 451 2822 δε]
472 2746 599 2805 ἅλλοινΡ
675 2750 712 2800 13.
732 2746 763 2803 τὸ
781 2740 881 2805 λοιπὸν
898 2750 928 2801 Μ
1009 2754 1047 2817 14.
1064 2752 1257 2821 μερισθιῦσιν,
1276 2748 1360 2799 omis-

338 2835 368 2871 so
387 2819 487 2884 δνα,Ρ
580 2822 619 2875 ιδ
635 2820 751 2882 ἐντελῶς
770 2820 789 2871 Ρ
875 2822 1012 2886 ἐτέθησαν
1031 2820 1059 2872 Μ

269 3022 480 3074 constitueretur
497 3023 636 3093 princeps,
660 3022 790 3093 quoniam
813 3021 972 3075 Theodorus
989 3020 1114 3091 despota,
1132 3019 1243 3071 iliorum
1262 3019 1360 3083 frates,

268 3092 415 3145 monachus
432 3092 491 3144 fieri
510 3093 613 3152 voluit,
634 3093 710 3163 quod
727 3102 819 3145 tnrneu
837 3095 859 3151 is
883 3092 1026 3145 consilium
1045 3100 1139 3161 postea
1158 3092 1280 3142 mutavit.
1298 3106 1360 3142 essm

269 3163 312 3216 bis
331 3180 380 3232 ego
398 3173 456 3215 tuns
476 3165 592 3233 primurn
609 3164 638 3215 in
660 3164 874 3233 Peloponnesum
895 3165 973 3225 veni,
996 3180 1065 3213 unus
1094 3162 1253 3213 ministris
1273 3164 1362 3230 impe·

270 3236 380 3297 sutoris,
399 3234 502 3285 domini
518 3236 581 3298 mei,
599 3242 628 3286 et
645 3242 677 3286 ut
693 3252 785 3285 suram
803 3234 930 3285 baberent
945 3234 1115 3285 Constantini
1133 3232 1277 3301 despotse,
1295 3248 1362 3300 pro-

269 3312 331 3373 pter
352 3321 458 3355 causam
476 3304 639 3357 huiusmodi.
659 3306 748 3357 iussus
760 3324 775 3356 n
789 3304 870 3356 bento
888 3314 916 3356 et
927 3304 1043 3372 glorioso
1062 3320 1154 3353 eorum
1168 3310 1258 3371 putre,
1278 3302 1361 3353 morti

270 3375 373 3434 vicino,
399 3373 467 3425 haee
485 3392 534 3443 ego
562 3393 642 3426 runnu
672 3393 733 3428 men
756 3376 867 3445 scripsi,
892 3392 949 3427 non
976 3384 1008 3426 ut
1043 3382 1233 3425 testamentum
1253 3380 1361 3424 tamen:

270 3460 328 3496 non
350 3445 421 3494 enirn
448 3453 583 3497 testentur
600 3446 792 3515 imperotores,
819 3446 867 3498 sed
886 3446 998 3497 iubent:
1020 3443 1088 3495 haee
1106 3446 1204 3513 igitur,
1221 3459 1291 3511 qune
1310 3442 1362 3493 iile

271 3514 473 3577 constituebat,
492 3532 541 3584 ego
560 3515 594 3567 ab
616 3516 712 3568 eodem
728 3517 818 3568 iussus
836 3517 944 3585 scripsi:
973 3524 1003 3567 ut
1023 3516 1122 3583 singuli
1143 3514 1269 3565 eiusiiiii
1288 3512 1362 3563 nlius

272 3586 349 3642 aliud
367 3584 402 3637 de
418 3588 582 3637 ornamentis
611 3588 669 3639 eius
693 3596 721 3640 et
744 3588 854 3657 gemmis
872 3586 1006 3657 rebusque
1032 3586 1093 3637 :iliis
1110 3584 1236 3656 pretiosis
1252 3584 1361 3652 scoipe-

272 3665 351 3721 rent,
366 3656 471 3726 reliqun
489 3666 579 3709 nutem
597 3656 678 3722 boun,
697 3674 767 3728 quse
784 3656 893 3727 quidem
912 3658 941 3708 in
959 3656 1061 3726 palutio
1081 3664 1182 3719 essent,
1201 3656 1362 3706 vestimento

271 3736 301 3780 et
318 3736 479 3799 spparsstus,
492 3728 520 3778 in
539 3736 657 3798 quotuor
674 3738 765 3798 partes
781 3728 982 3780 dividerentur:
1017 3744 1129 3797 quarum
1147 3744 1199 3777 uun
1218 3740 1364 3776 consume-

270 3805 346 3849 retur
363 3800 390 3849 in
409 3799 525 3867 liturgiis
546 3806 575 3850 et
593 3800 767 3851 eeclesiarum
785 3800 949 3851 ornamentis
968 3814 1046 3866 supra
1062 3798 1171 3849 solitum
1184 3795 1291 3847 modum
1311 3794 1363 3845 ad-

271 3868 413 3931 ornandis,
439 3886 509 3938 qune
531 3884 596 3921 ssne
621 3886 715 3939 magno
736 3887 797 3922 cuns
823 3879 911 3921 sumtu
931 3877 959 3920 et
975 3866 1119 3938 splendore
1137 3868 1261 3919 institute
1283 3873 1365 3931 sunt3

271 3940 394 4007 reliquae
412 3948 465 3991 tres
482 3940 706 3992 distribuerentur
721 3940 862 4005 mendicis,
880 3940 990 3991 medicis
1010 3948 1038 3990 et
1055 3936 1211 3990 domesticis
1228 3938 1294 3987 eius.
1313 3954 1364 3986 cu-

272 4017 374 4061 rstores
391 4019 481 4061 sutem
496 4018 588 4062 essent
606 4013 754 4080 spirituntis
772 4021 851 4080 peter
878 4012 934 4063 eius
951 4008 1100 4071 Meterius,
1119 4009 1181 4077 qui,
1201 4022 1233 4058 ex
1252 4006 1363 4058 ludaeis

272 4078 417 4139 oriundus,
444 4080 472 4131 in
493 4081 726 4151 Xanthopulosous
751 4082 915 4135 monasterio
941 4088 1011 4144 erut,
1038 4079 1184 4148 Iosephus,
1203 4078 1362 4130 monosterii

272 4148 474 4203 Cbsrsisnensis
490 4153 635 4222 magister,
653 4160 735 4224 atque
757 4168 815 4222 ego.
833 4152 900 4205 huet
923 4168 1006 4223 quum
1030 4166 1118 4203 coram
1139 4150 1198 4217 ipso
1217 4148 1354 4209 Muuueie,
