3042 4900
302 274 388 359 516
611 294 777 359 roauurs
812 285 1084 355 uulouosmn

298 474 371 537 ρον,
396 450 443 524 εἷς
471 439 537 515 οἷον
557 438 598 511 όν
619 467 668 519 τις
696 440 853 527 χρήσαιτο
878 435 992 513 πόθος.
1033 431 1113 515 πλὴν
1139 434 1208 497 ἄλλ’
1232 431 1290 497 oda
1307 429 1377 509 ε’δό-

237 560 390 630 357ναντο
413 545 471 633 τὴν
495 548 557 613 τοῖν
587 543 698 627 μύρων
722 538 824 625 πηγὴν
844 534 941 622 ξηρόν
960 536 1017 599 καί
1041 528 1172 613 όνικμον
1193 532 1377 617 α’ποφῆναι,

295 645 530 732 ιιαιλιερπολύν
557 641 636 727 ύπὲρ
657 640 771 707 τούτου
791 635 971 717 ποιούμενοι
990 632 1041 699 τόν
1060 634 1177 717 α’γιόνα.
1220 631 1277 693 κατ’
1299 626 1378 693 εἰπό-

294 772 376 823 τως·
435 746 477 809 ον’
503 742 567 826 γόρ
602 740 657 808 ἴσα
691 747 758 815 τοῖς
784 738 993 822 ἀνθρωπίνοις
1020 732 1060 798 τό
1092 730 1172 815 πρός
1204 732 1287 794 θεοῦ
1314 734 1378 802 τοῖς

294 850 397 925 σ’ξιόις
415 844 648 931 κεχαρισμένα,
677 838 846 925 ἐπειδήπερ
874 837 956 920 μηδὲ
982 842 1047 909 τοῖς
1067 832 1178 907 αύτοῖς
1197 824 1405 898 ύπόιιειντιιι5
1436 900 1440 909 .

295 941 395 1032 όροις.

381 1042 505 1127 Ταύτην
519 1038 578 1126 τὴν
596 1038 736 1124 πονηρόν
750 1041 946 1114 ἐπεδείξαντο
959 1032 1086 1118 γντόμην
1103 1033 1159 1097 aci
1175 1027 1248 1113 περὶ
1267 1025 1304 1092 τό
1325 1030 1380 1111 τῆς

292 1144 386 1221 όοιάς
402 1146 457 1207 καί
474 1141 707 1224 μσροβλὴτιδος
726 1133 896 1221 Θεοδύρος
915 1132 1264 1218 ἱερύτατονλεύμανον,
1286 1124 1379 1193 teat

292 1245 337 1322 οἷς
358 1246 508 1327 ἐπιπολῆς
537 1245 679 1322 κείμενον
708 1238 870 1320 ἀπερρίφη
891 1258 926 1299 τε
946 1230 1025 1300 κατὰ
1045 1236 1119 1315 γῆς,
1142 1225 1170 1295 d
1188 1226 1305 1310 τόλμης
1324 1224 1379 1298 κατ’

289 1344 417 1427 μιαρῶν
435 1349 563 1427 χειροῖν,
582 1344 638 1404 κατ’
649 1334 877 1421 κατεθραύοθη
892 1338 937 1411 εἰς
956 1337 1048 1417 μέρη,
1070 1330 1092 1396 δι’
1112 1328 1150 1415 δὴ
1165 1334 1220 1395 aar*
1239 1330 1302 1403 τόν
1323 1348 1376 1411 φι-
1388 1347 1422 1389 ιο

291 1445 411 1509 λαθέειν
430 1443 513 1514 τινὲς
533 1436 713 1521 ἀνελόμενοι
733 1431 828 1513 ἄλλος
849 1438 909 1515 μὲν
930 1434 1074 1517 α’λλαχοό
1094 1427 1242 1515 πρότερον
1263 1426 1307 1503 ὥς
1326 1427 1377 1490 ιά-

289 1548 395 1624 τρεῖον
412 1532 551 1619 όμισθον
570 1534 783 1618 οἷπειιόμισαν·
823 1528 1011 1615 ὕστερονδὲ
1031 1535 1087 1595 καί
1105 1532 1207 1595 ταῦτα
1221 1526 1378 1609 συνῆκται

289 1643 355 1705 τῶν
377 1637 553 1724 εἰληφότων
571 1640 633 1703 τοῖν
650 1638 710 1716 μὲν
740 1634 945 1715 ἀποδομένων
964 1635 1066 1698 ταῦτα
1088 1632 1180 1712 τιμῆς
1198 1630 1374 1711 α’ργορδων,

289 1741 354 1803 τοόν
381 1740 418 1802 δὲ
444 1739 671 1821 χαρισαμὲνων
699 1738 741 1800 δι’
762 1732 802 1817 ἣν
822 1731 916 1815 ἔσχον
935 1728 1085 1817 φιλόθεον
1108 1726 1297 1813 γνοόμην,ό“
1323 1727 1379 1789 κατ’

288 1840 336 1911 εἰς
353 1834 424 1912 ἑνός
447 1829 547 1912 αύθις
565 1838 829 1917 συναρμοσθέντα
857 1833 1001 1913 σώματος
1033 1830 1215 1911 ύλομέλειαν
1244 1823 1418 1907 θαομύ-ιό

290 1961 355 2002 των
374 1939 514 2024 ε’νεργείρι
546 1936 622 2001 καθ’
643 1930 777 2017 ἑκάστην
802 1926 951 2017 ἀφθόνως
984 1928 1177 2013 πηγύζουσιν
1208 1930 1254 2003 εἰς
1281 1928 1375 2004 δόξαν

289 2038 346 2099 ναι*
365 2028 462 2110 αὖθις·
480 2038 539 2101 τού
558 2031 663 2100 πάντα
682 2035 781 2099 πᾶσιν
801 2030 966 2115 ἐπάγοντος
987 2028 1090 2115 λόγοις
1114 2030 1292 2110 οδκονομιας
1313 2026 1373 2110 ἅρ-

290 2130 398 2219 (ariaco.

374 2231 425 2312 ιζ.
470 2227 598 2297 Τούτων
618 2225 703 2295 οὕτω
715 2230 949 2314 προβεβηκότων
970 2232 1024 2294 κατ’
1034 2232 1188 2309 οἷνοσμόας
1201 2224 1304 2309 πόσης
1323 2246 1373 2307 γε·

289 2334 459 2417 γενημὲνης
491 2328 561 2417 (διὰ
590 2328 718 2395 πόντων
740 2331 802 2413 γὰρ
833 2332 895 2393 τοόν
916 2332 950 2393 ἐν
977 2332 1015 2415 τῇ
1040 2328 1128 2391 πόλει
1157 2329 1336 2409 ιιεχοόρηκεν
1353 2324 1417 2407 ἡεο

289 2429 498 2517 ναταφθορύ)
526 2424 630 2496 οἶκτον
661 2432 717 2495 ε’πί
745 2428 867 2504 τούτοις
894 2428 912 2494 ό
936 2429 1111 2514 Μουριότης
1145 2424 1301 2508 λαμβάνει
1321 2426 1374 2505 τῆς

290 2529 423 2606 πόλεως.
463 2532 519 2596 καὶ
536 2532 650 2617 πρῶτα
670 2534 730 2613 μὲν
755 2527 832 2607 τούς
852 2527 1005 2604 εἰσιόντας
1028 2525 1096 2610 ἅμα
1116 2531 1160 2616 τῷ
1181 2523 1264 2588 κατὰ
1286 2523 1374 2590 δύσιν

293 2831 328 2884 ab
346 2829 464 2900 expertia
482 2827 643 2881 audiverant
660 2827 696 2880 ad
713 2829 851 2898 quoslibet
865 2827 972 2880 morbos
983 2826 1187 2880 medicinalibus
1206 2817 1272 2897 ipsis
1292 2827 1373 2898 phar-

293 2902 375 2953 macia
391 2900 478 2951 multo
506 2899 639 2950 efficaciae
657 2917 724 2951 esse.
768 2901 945 2951 nihilominus
966 2909 1162 2966 uraguentorum
1193 2897 1295 2951 sontem
1320 2915 1373 2951 non

292 2981 407 3044 potuere
423 2986 513 3041 neque
537 2971 672 3023 euicoare
698 2987 788 3040 neque
808 2971 959 3032 exinanire,
984 2972 1103 3040 quamvis
1131 2969 1161 3021 id
1180 2971 1374 3022 contentiosius

293 3044 462 3112 multumque
488 3057 537 3111 per
556 3049 662 3112 tempus
685 3043 847 3093 niterentur.
872 3049 900 3094 et
926 3043 1036 3094 merito:
1062 3043 1243 3110 nequeenim
1263 3041 1375 3092 hunmna

295 3121 449 3182 exaequant
467 3130 539 3184 quae
555 3111 623 3164 dena
636 3111 725 3181 dignis
744 3113 887 3181 elargitur,
903 3113 986 3164 aienti
997 3129 1048 3164 nec
1060 3111 1156 3165 iisdem
1174 3114 1294 3166 terminia
1314 3112 1376 3164 sub·

294 3186 395 3238 iacent.

383 3254 460 3305 idem
477 3252 529 3304 hoc
545 3252 681 3306 nefarium
699 3251 803 3305 facinua
823 3254 893 3304 cirea
912 3259 1019 3304 sanctae
1032 3259 1061 3303 et
1078 3251 1265 3320 myroblytidia
1283 3253 1376 3306 Theo·

296 3324 378 3378 dorae
395 3325 567 3376 cacerrimom
583 3323 696 3376 cadaver
712 3331 847 3394 patratum
865 3331 921 3386 eat,
939 3322 1011 3392 quod
1030 3339 1088 3372 cum
1107 3325 1135 3375 in
1151 3323 1290 3394 superficie
1308 3325 1377 3375 iace·

295 3405 348 3457 ret,
365 3395 424 3447 aolo
439 3403 602 3463 prostratum
613 3397 642 3464 (ο
660 3394 807 3456 audaciam,
832 3411 848 3446 ο
869 3411 963 3446 manue
982 3393 1155 3445 exsecrandae
1163 3395 1182 3466 l)
1200 3404 1228 3448 et
1246 3397 1275 3448 in
1294 3397 1377 3448 variae

295 3475 386 3536 parter
405 3465 568 3534 discerptum
582 3474 638 3530 σοις
656 3483 722 3534 qaae
740 3467 779 3535 pii
797 3463 920 3516 homines
939 3473 1112 3526 areruaeutea,
1130 3466 1199 3516 aliua
1220 3467 1275 3519 alio
1296 3467 1377 3536 priua,

296 3545 344 3590 tan
365 3552 426 3587 uam
451 3536 527 3587 nialla
553 3536 676 3588 mercede
702 3536 863 3588 conductam
886 3535 1046 3588 medicinam
1071 3545 1256 3606 asportarunt3
1284 3545 1378 3608 postea

297 3623 330 3659 ea
368 3612 410 3657 eati
443 3606 619 3669 recollectae,
641 3607 689 3676 qui
715 3606 874 3668 habuerant,
899 3607 960 3657 aliia
981 3607 1069 3675 pretio
1087 3608 1298 3668 realituentibua,
1318 3607 1377 3659 allia

235 3689 245 3713 ·‘
298 3679 381 3746 gratie
398 3677 525 3728 dantibus
543 3685 704 3747 propterea
721 3693 791 3748 quae
809 3677 838 3728 in
857 3693 885 3728 ee
907 3677 1066 3728 nutriebant
1086 3679 1130 3746 pia
1148 3679 1270 3742 consilia,
1288 3678 1376 3730 denuo

299 3749 329 3801 in
347 3765 427 3799 unam
446 3749 544 3816 integri
569 3749 690 3817 corporie
717 3749 830 3799 formam
857 3751 1022 3815 compositae
1047 3750 1237 3802 miraculorum
1265 3747 1377 3802 efficacia

298 3819 425 3888 quotidie
448 3819 588 3870 affluenter
618 3819 811 3880 innotescunt,
837 3819 865 3869 in
891 3819 1001 3884 gloriam
1027 3837 1114 3871 ruram
1134 3821 1207 3884 eius,
1225 3821 1272 3890 qui
1291 3821 1377 3872 omnia

299 3891 418 3941 omnium
436 3891 506 3956 regit
524 3889 731 3958 moderaturque
746 3905 811 3939 auae
829 3889 1014 3959 providentiae
1037 3889 1213 3942 inenarrabili
1234 3891 1346 3944 ratione.

373 3977 412 4028 ιγ.
448 3961 497 4011 ilia
524 3959 576 4011 hoc
596 3959 677 4010 modo
696 3960 822 4029 peractio,
851 3959 1030 4029 omnibusque
1044 3962 1229 4032 incompoeitia
1246 3979 1277 4014 ac
1292 3961 1378 4034 turpi-

300 4037 345 4083 ter
359 4027 526 4092 deformatio,
544 4048 593 4099 per
610 4030 701 4082 omnia
716 4029 864 4099 mquidem,
878 4047 948 4099 quae
967 4032 995 4082 in
1013 4031 1079 4083 urbe
1097 4041 1183 4094 erant,
1201 4031 1290 4084 clades
1310 4047 1379 4100 grae-

302 4110 359 4152 eata
378 4107 428 4160 eat,
445 4099 558 4150 atilictae
574 4101 690 4153 civitatie
709 4099 835 4152 fortunae
852 4101 985 4152 Moralem
1010 4101 1045 4154 ad
1065 4103 1275 4154 misericordiam
1294 4103 1379 4155 allici-

301 4181 362 4224 unt.
398 4177 428 4221 et
443 4170 558 4240 primum
578 4171 689 4244 quidem
706 4171 754 4244 qui
771 4187 831 4225 cum
849 4187 956 4244 occatur
983 4172 1052 4226 duce
1069 4175 1261 4244 iramigrarant,
1280 4175 1379 4247 quique
