3042 4900
153 307 159 317 ’
230 345 286 408 nn
310 341 679 407 runssnourcrnsr
698 339 865 405 nscimo
880 338 1107 404 usurario.
1137 308 1216 397 5οι

133 488 208 567 κτός
222 494 311 581 φυγῇ
323 492 435 557 πολλοί
452 491 647 575 χρησάμενοι
667 490 845 575 λεληθότως
865 487 1008 574 άπῄεσαν
1027 488 1145 571 οἴκαδε,
1164 494 1224 571 μό-

135 614 190 675 ρος
220 596 283 657 ταῖν
302 594 417 674 τειχῶν
446 589 504 655 οάκ
534 589 639 674 όλίγον
670 588 789 673 ἔρημον
819 585 1086 663 καταλελοιπότος.
1128 592 1224 655 τοῦτο

133 692 244 770 μεῖζον
263 687 378 770 ἔδοξεν,
400 685 476 755 ὅσον
490 696 559 755 κατ’
578 688 777 774 άνθροόπινον
793 688 951 771 λογισμόν,
974 688 1060 751 αι’τία
1074 692 1130 752 τοῦ
1148 694 1223 767 μεθ’

134 788 260 873 ἡμέραν
280 794 388 853 κακοῦ.
441 794 497 853 ναι·
521 787 583 871 γάρ
605 790 636 853 εἰ
654 786 815 869 μενόντων
843 784 992 851 ἁπάντων
1013 788 1067 851 ε’πί
1084 792 1142 851 τοῦ
1161 792 1225 853 sei·

106 896 225 968 ὄχους,
245 886 306 969 μία
325 885 418 970 ψυχὴ
438 892 612 969 γενομένων
641 886 697 952 καί
718 881 860 953 θάνατον
880 882 1035 967 ἑλομένων
1056 885 1136 967 ὑπὲρ
1160 912 1224 972 φυ-

133 989 232 1069 λακῆς
252 988 309 1069 τῆς
329 989 489 1069 πατρίδος,
513 984 603 1065 μόλις
624 982 664 1051 άν
683 985 704 1070 ἦ
723 985 814 1061 πόλις
835 988 868 1063 ἐξ
889 982 990 1069 αάτῆς
1008 986 1224 1070 διατετήρητο,

133 1086 201 1161 πιός
222 1078 264 1149 όν
281 1087 406 1150 τοιοῦδε
425 1088 659 1171 συμβεβηκότος
676 1086 734 1150 osis
758 1081 823 1168 εἶχε
836 1092 906 1165 μετ’
927 1082 1070 1161 εόκολίας
1084 1086 1224 1167 diuisas,-

133 1177 238 1260 οότως
262 1176 320 1249 οάν
346 1185 408 1250 τάν
427 1186 579 1251 Λατίνων
606 1188 889 1267 διαπραξαμένων,
910 1188 966 1251 καί
995 1188 1058 1249 τῶν
1087 1188 1226 1269 τριηρῶν

133 1286 212 1363 μιάν
232 1283 313 1367 πρός
327 1289 512 1367 ναυμαχίαν
530 1286 774 1369 πεπληρωκάτων
789 1283 841 1349 διά
858 1282 914 1369 τόν
928 1291 991 1349 τοῖν
1010 1289 1128 1349 πλοίων
1148 1287 1225 1371 αι’φ-

91 1382 232 1453 ιονίδιον
263 1383 480 1469 προσδοκίαν,
501 1383 632 1468 άληθεῖς
662 1385 870 1451 διεδεύιναντο
901 1386 956 1449 καί
985 1380 1015 1448 oi
1048 1386 1123 1467 περί
1151 1381 1226 1449 τοτ’-

133 1506 196 1547 των
216 1478 294 1564 ἧμῖν
314 1476 505 1566 η’γγελιιότες.
547 1476 668 1568 ὄρθρου
688 1482 750 1568 γάρ
773 1485 954 1559 ἐπιστάντος
966 1482 1005 1549 τό
1030 1490 1124 1548 πλοῖα
1144 1480 1226 1567 πρός

132 1579 188 1646 τόν
209 1582 322 1661 λιμένα
340 1579 459 1657 πάσαις
477 1576 599 1658 νάπαις
618 1587 781 1665 καταίρειν
801 1586 977 1666 ἐπείγονται
997 1581 1034 1649 τά
1056 1588 1226 1667 βεβουλευ-

132 1682 216 1760 μένα
238 1680 440 1763 διοπεράναι.
495 1678 540 1757 τός
569 1682 606 1745 δέ
635 1680 766 1765 πλησίον
791 1686 930 1765 γένοιντο
955 1680 1098 1765 πόντιαί
1119 1682 1226 1749 attus

132 1776 293 1862 σοσκιοῆν
315 1781 378 1843 ταῖν
396 1780 431 1845 όν
452 1777 790 1863 αάτοῑςοόκείδάτων,
814 1781 869 1845 καί
888 1778 909 1863 ἦ
933 1781 1074 1865 τριήρης,
1094 1776 1138 1855 οἷς
1157 1775 1225 1863 είχε

89 1876 271 1959 ι5τάχοος,
302 1878 416 1943 αάτίκα
445 1886 552 1960 χωρεῖ
566 1885 635 1943 κατ’
654 1872 785 1957 αάτάν,
816 1877 873 1945 καί
902 1879 948 1955 εἰς
969 1883 1119 1943 τοσοῦτον
1138 1876 1223 1943 αιίτά

133 1974 369 2063 κατηνάγκασεν
404 1980 460 2041 καί
486 1980 531 2054 είς
564 1977 669 2063 φυγὴν
695 1974 850 2063 ἔστρεψεν
880 1976 924 2055 τός
952 1978 1113 2041 ἐποκεῖλαι
1142 1976 1223 2041 κατά

132 2075 193 2160 τήν
212 2071 342 2160 ἤπειρον
364 2080 420 2141 καί
438 2074 497 2160 τόν
518 2078 582 2141 τάν
605 2076 752 2159 Τοόρκων
781 2080 901 2163 ἐκείνην
938 2077 1079 2141 ἐπίνοιαν
1109 2076 1283 2167 duodo-340

132 2178 264 2258 διῖχθαι
282 2180 430 2257 ματαίαν.
448 2173 530 2240 itti
551 2180 664 2241 τούτου
675 2181 735 2257 μὲν
754 2178 906 2263 α’νεότιροι
917 2172 1134 2261 τετηρήμεάα·
1155 2172 1223 2241 εἴθε

133 2276 171 2340 δὲ
189 2273 312 2340 minori
335 2272 416 2339 κατά
436 2272 494 2357 τὴν
515 2274 638 2359 ἡμέραν
657 2278 756 2340 κακοῦ
764 2283 778 2340 .'

85 2405 126 2449 20
151 2402 156 2413 ·
217 2372 268 2437 ια’.
327 2376 391 2457 Τῆς
420 2372 568 2458 τετάρτης
597 2376 766 2461 τοιγαροῦν
795 2375 964 2458 ἐπιστάσης
992 2372 1132 2459 ἡμέρας,
1164 2375 1224 2439 τοῦ

131 2472 224 2559 ἧλίοο
246 2475 396 2558 καθαράς
414 2483 489 2551 ,τοῖς
510 2474 693 2556 α’νέριόποις
722 2469 817 2559 μήπω
838 2476 874 2539 τό
895 2477 965 2560 φάς
982 2471 1222 2558 παρασχόντος,

131 2573 258 2659 δράμεν
277 2573 356 2638 κατά
376 2572 433 2657 τόν
453 2576 601 2657 α’γγελίαν
621 2575 678 2638 καί
695 2570 730 2637 τό
751 2577 872 2658 πλῆθος
893 2567 978 2640 άπαν
999 2575 1224 2657 προσχωροόνο·

130 2695 191 2750 τας
211 2676 256 2761 τῷ
273 2675 372 2756 τείχει
379 2720 389 2753 ,
419 2670 495 2747 τεός
522 2676 583 2755 μὲν
608 2671 762 2756 κλιμακος
792 2675 1058 2761 ἐπιφερομένους,
1082 2673 1166 2758 Ιτεός
1187 2675 1223 2740 di

133 2945 192 2998 ium
212 2951 333 3029 arrepts,
349 2960 406 2996 non
434 2961 516 3014 parra
533 2960 671 2997 murorum
689 2950 767 3015 parte
787 2943 911 3010 deserta,
937 2943 1045 2998 domum
1063 2949 1221 2996 remearent.

134 3015 204 3068 naec
222 3017 363 3085 potissima
381 3033 461 3074 cansa
487 3015 553 3069 maii
576 3016 652 3086 qnod
672 3031 706 3068 eo
730 3015 778 3068 die
794 3017 959 3079 advenerat,
977 3016 1000 3067 si
1018 3014 1135 3065 humsna
1154 3015 1222 3068 ratio

133 3105 191 3139 non
208 3087 289 3148 fallit,
307 3095 431 3155 reputata
450 3096 500 3138 est.
537 3088 638 3139 etenim
656 3088 679 3138 si
698 3087 728 3137 in
745 3087 829 3137 muris
847 3085 1068 3157 permanentibus
1086 3083 1222 3147 omnibus,

133 3166 165 3210 et
182 3173 237 3209 uno
255 3159 345 3208 animo
363 3157 401 3208 ita
426 3155 565 3226 dispositis
593 3167 624 3210 nt
643 3174 692 3226 pro
712 3155 836 3208 custodis
855 3157 957 3225 patriae
977 3157 1057 3206 vitam
1074 3170 1223 3218 voverent,

133 3229 180 3280 vix
197 3229 261 3282 urbs
284 3236 441 3279 conservata
468 3228 579 3290 suisset,
610 3243 727 3297 quanam
745 3229 865 3291 ratione,
888 3226 937 3278 ubi
953 3225 1043 3277 simile
1063 3225 1222 3290 accidisset,

133 3298 210 3350 faciti
235 3299 347 3366 negotio
365 3296 498 3367 capienda
514 3313 571 3348 non
589 3299 665 3350 erut?
708 3297 747 3348 sic
763 3297 837 3349 hisce
855 3313 904 3366 per
921 3295 1032 3348 Latinos
1049 3295 1174 3366 peractis,
1194 3303 1223 3348 et

132 3377 245 3438 propter
261 3370 475 3438 inexspectatum
498 3369 606 3420 navium
633 3369 778 3420 adrentum
806 3368 885 3419 unies
905 3368 1008 3419 triremi
1027 3383 1077 3436 pro
1097 3365 1224 3417 commit·

132 3439 218 3492 tenda
237 3440 326 3492 navali
344 3457 435 3507 pugna
451 3437 565 3506 repleta,
581 3456 644 3490 vers
658 3438 785 3490 videntur
798 3438 921 3490 retulisse
938 3437 1039 3492 nuncii.
1075 3453 1136 3488 nans
1153 3435 1223 3487 circa

133 3525 259 3560 aurorem
276 3526 358 3561 naves
379 3510 415 3560 ad
441 3517 550 3578 portum
579 3509 786 3578 properantibus
804 3510 883 3559 remis
901 3509 1086 3578 impelluntur,
1102 3515 1134 3558 ut
1150 3507 1223 3573 cogi-

134 3588 193 3632 esu
211 3578 391 3632 absolverent.
415 3578 464 3630 sed
476 3579 540 3630 dum
559 3581 787 3649 appropinquant,
804 3595 856 3629 nec
872 3577 997 3631 adversus
1016 3596 1045 3631 se
1063 3585 1223 3647 sppnratum

133 3652 295 3702 instructum
312 3657 465 3719 penetrant,
483 3651 599 3700 triremis
618 3651 762 3702 velocitate
787 3665 889 3700 summu
906 3651 936 3702 in
954 3665 1001 3701 eos
1019 3649 1154 3710 convolat,
1175 3663 1223 3698 co-

134 3722 231 3790 gitque
249 3726 281 3770 ut
303 3721 332 3770 in
353 3719 444 3788 sugam
466 3721 536 3770 versi
558 3721 703 3771 interram
724 3736 805 3772 naves
824 3719 984 3788 impingunt.
1021 3721 1059 3772 sic
1076 3718 1224 3770 ancarnm

133 3790 206 3843 illud
237 3789 380 3851 consitium
399 3797 574 3842 extenuatum
593 3797 710 3842 ermuit.
749 3791 853 3842 utinam
871 3799 900 3842 et
926 3789 1018 3843 diurni
1035 3788 1101 3842 mali
1126 3788 1223 3842 similis

135 3864 226 3918 exitus
244 3859 402 3911 subsecutus
421 3859 524 3910 fuisset.

210 3947 249 3982 rr.
286 3929 390 4000 Quarto
408 3929 492 3996 igitur
506 3928 551 3981 die
570 3938 717 3999 appetente
733 3929 849 3982 necdum
869 3929 941 3982 clare
957 3929 1048 3980 lumen
1067 3927 1224 3982 hominibus

133 4002 316 4063 ministrante,
334 4006 367 4050 nt
386 3997 467 4050 nobis
485 4003 707 4068 praenunciatum
726 4000 825 4065 fuerat,
845 3997 1050 4052 multitudinem
1068 4001 1224 4052 universam

134 4074 165 4124 in
185 4089 290 4124 murum
311 4069 484 4122 festinantem
504 4070 649 4121 intuemur.
694 4073 766 4123 inter
784 4071 833 4123 hos
851 4072 898 4123 alii
918 4069 1021 4133 scalas,
1038 4069 1086 4122 alii
1106 4069 1224 4134 tabutas,

135 4145 184 4194 aiii
201 4143 319 4210 implexa
341 4139 488 4216 viminibus
513 4149 588 4190 scuta
607 4151 725 4208 gestare3
749 4159 850 4205 omnes,
871 4150 901 4193 ut
918 4140 958 4192 sic
974 4139 1068 4206 dicam,
1088 4139 1224 4193 machinas

136 4212 305 4278 convehere,
339 4219 369 4266 et
394 4217 427 4264 ut
454 4210 538 4262 moris
569 4218 611 4263 est
638 4213 723 4282 septi,
753 4221 783 4266 et
815 4213 901 4266 nostri
935 4209 1033 4264 excidii
1061 4213 1107 4268 siti
1136 4212 1224 4268 veluti
