3042 4900
490 303 566 366 ΗΒ.
588 307 628 368 ΙΙ.
656 303 745 370 CbP.
777 309 831 369 Vi.

120 467 161 538 εἰς
177 460 213 527 τό
242 452 345 542 ὄνομα
374 459 494 541 αὐτοῦ,
525 463 587 525 τοῖν
609 463 795 545 Μαγγάνων
824 458 1101 545 ἐπονομαζόμενον.
1144 467 1213 530 ε’κεῖ

119 561 278 641 ἱστάμενος
307 557 365 642 την
396 560 524 645 φυάλην
554 557 638 641 ἔχων
664 561 721 626 καί
744 561 820 637 τοὺς
839 561 996 654 ,σιδηρους
1027 575 1091 640 τοῖς
1119 567 1207 644 ποσί,

121 661 324 744 διερχομένου
356 654 440 740 τάχα
461 661 519 722 τοῦ
546 664 703 741 βασιλέως
723 659 775 725 ἵνα
805 663 851 738 εἰς
869 659 923 745 την
943 657 1134 728 ἀκολουθίαν
1154 664 1209 745 τῆς

121 761 280 842 έννλησιόις
296 759 430 846 άπέλθη,
451 755 587 843 έδεηθην
607 760 707 824 αὐτοῦ
728 759 779 825 ἵνα
795 783 837 841 με
867 765 930 824 τοῖν
952 757 1095 826 άλόσεων
1115 766 1208 829 έλευ.

99 856 252 943 ὅθεροόση.
308 859 364 920 κατ’
389 851 486 937 iper
516 856 666 937 βασιλεός
697 857 850 924 εἶσελθυόν
878 862 924 935 εἰς
943 860 1001 944 την
1019 864 1208 946 ἐκκλησίαν,

120 949 224 1042 όρχων
242 981 292 1032 τις
311 957 506 1037 ἐπιστρέψας
526 944 615 1040 πρός
628 959 671 1037 μδ
698 950 767 1022 εἶπέ
789 981 845 1039 μοι
863 961 959 1022 τάδε·
997 957 1208 1043 “προσέταξεν

122 1052 137 1117 ό
156 1054 306 1136 βασιλεός
328 1050 345 1117 ό
367 1055 524 1139 αάθέντης
547 1055 639 1138 ἡμῶν
657 1057 710 1122 ἳνοι
728 1055 872 1141 έξάρωσί
885 1081 943 1123 σου
959 1058 1033 1137 νοός
1047 1055 1209 1142 σιδάρεος,

121 1151 249 1238 innisi
271 1156 367 1238 νυρία
395 1153 528 1239 ἧμάνῆ
554 1155 704 1221 δέσποινα
732 1155 881 1241 ἐζήτησεν
908 1153 1009 1222 αὐτοῦ
1032 1157 1088 1222 καί
1107 1153 1210 1223 άπαν.

122 1277 168 1329 τες
186 1251 305 1338 ipsein?
345 1254 401 1317 καί
428 1256 504 1337 περί
532 1253 585 1319 τόν
606 1247 725 1340 ὄρθρον
752 1256 853 1339 αὐτῆς
874 1259 930 1339 τῆς
949 1255 1062 1333 νυκτός
1082 1255 1151 1323 ι’δοά
1176 1260 1210 1322 έν

86 1356 154 1439 ιοτῇ
172 1355 306 1436 συνήθει
328 1349 397 1441 cipp
421 1353 451 1416 oi
470 1356 529 1416 τοῦ
547 1348 670 1438 πόργου
693 1347 843 1439 ἄρχοντες
863 1359 918 1420 καί
937 1359 1036 1441 ἕτεροι
1056 1355 1137 1437 μετά
1159 1381 1212 1422 σι-

122 1449 221 1536 δηρων
240 1451 385 1534 σ’ργάνων
406 1451 592 1533 ἐκβαλόντες
612 1475 653 1534 με
679 1457 740 1518 τάν
761 1453 906 1521 άλάσεων
925 1457 981 1519 καί
1002 1459 1208 1536 ἐξαιτιάντσι,

121 1550 171 1616 καί
189 1553 332 1633 λέγουσιν
353 1544 414 1632 οόχ
428 1547 477 1615 ὅτι
495 1553 668 1633 ἐχθρωδῶς
685 1549 798 1636 ἔχουσι
815 1559 884 1618 κατ’
905 1557 985 1636 ε’μοῧ
1004 1559 1059 1622 καί
1077 1556 1116 1619 οδ
1135 1563 1210 1640 τρέ.

121 1653 219 1735 φουσί
234 1673 298 1732 με,
324 1651 355 1714 εἰ
380 1645 426 1732 μή
445 1653 512 1714 έστι
538 1647 592 1714 διά
618 1650 665 1736 μη*
687 1655 861 1736 κεκτῆσθαι
884 1651 1011 1729 αάτοός.
1054 1659 1110 1720 κατ’
1128 1657 1211 1736 μετά

122 1747 175 1811 δόο
194 1748 314 1833 ἡμέρας
342 1745 488 1823 ἐλθόντες
515 1745 610 1814 πάλιν
638 1751 772 1835 ζητοάσί
788 1775 849 1832 με·
905 1757 960 1816 καί
990 1751 1127 1838 έδεάθην
1155 1761 1211 1820 τοῦ

84 1848 274 1912 ιὸαίθέντου
294 1870 359 1928 μου
388 1847 442 1912 διά
468 1853 593 1933 γραφῆς
620 1850 675 1914 ἵνα
690 1851 894 1938 έξαποστείλη
915 1846 1071 1934 άρχοντας
1092 1859 1211 1920 συλλα-

121 1950 212 2029 λῆσαι
225 1954 293 2024 τοῖς
307 1946 593 2029 σῖχμαλωτεόσασί
599 1972 641 2029 με
661 1947 742 2034 πρός
757 1952 954 2031 συμβίβασιν
965 1949 1039 2033 περί
1057 1955 1113 2033 τῆς
1134 1955 1212 2036 ἐμῆς

121 2047 311 2129 ἐλευθερίας.
340 2041 417 2130 άπερ
438 2049 494 2112 ναί
512 2051 625 2130 γέγονε.
668 2045 725 2112 καί
742 2048 1015 2130 συμβιβασθέντες
1037 2049 1212 2116 δεδοίκασιν

121 2145 253 2233 crispini
274 2149 445 2230 Σαρσβάλε
468 2145 623 2233 φρούριον
646 2148 916 2230 τοιουτοτρόπως,
942 2149 993 2212 ἵνα
1015 2151 1132 2236 ἐγερθῇ
1158 2151 1214 2214 κατ’

121 2242 240 2331 άπέλθη
254 2248 300 2320 εἷς
314 2242 367 2309 τόν
382 2239 466 2310 οἷκον
486 2244 590 2310 αὑτοῦ
603 2248 639 2311 έν
658 2249 699 2332 τῇ
711 2247 741 2310 Γ
740 2249 910 2334 λαρέντζρ·
933 2251 989 2311 καί
1001 2251 1116 2333 μέχρις
1135 2243 1209 2313 όλου

81 2362 114 2402 νο
122 2346 228 2408 Μαΐου
236 2346 267 2410 εἰ
273 2347 332 2424 μὲν
338 2341 418 2432 ἔλθη
429 2342 682 2429 δμητροπολίτης
693 2348 747 2409 καί
757 2337 914 2428 αόθένδεης
924 2340 1038 2429 σάτοόν,
1049 2347 1209 2430 ποιησάτω

119 2442 231 2519 ἐκεῖνος
252 2441 296 2519 oie
314 2448 420 2525 θέλει,
441 2445 472 2510 εἰ
490 2448 522 2509 δ’
543 2435 601 2523 osi,
631 2443 865 2528 ποραδοόσωσιν
895 2445 985 2535 αὐτῷ
1004 2443 1040 2511 τό
1062 2445 1208 2532 κόστρον.

119 2544 172 2606 καί
188 2542 359 2629 γεγονότων
380 2539 502 2630 όρκων,
525 2548 581 2609 καί
604 2546 869 2631 πορσλαβομένου
890 2548 945 2609 καί
964 2548 1021 2611 τοῦ
1038 2548 1208 2630 Σαρσβάλε

189 2754 211 2789 r.
229 2740 269 2799 eir
285 2733 335 2803 τὴν
351 2732 477 2807 κεφαλὴν
495 2736 644 2809 ἱστάμενος
669 2738 743 2808 ἔχων
767 2736 844 2791 acii)
945 2742 984 2793 13.
1003 2743 1162 2805 νεκτηνίνειε
1179 2739 1208 2792 Μ

187 2823 228 2861 nr.
245 2808 445 2881 παραδιδόασι
460 2802 491 2863 τό
508 2810 527 2860 Ρ

121 2968 184 3025 nihi
201 2986 258 3023 esse
273 2972 303 3024 in
316 2970 499 3041 pulcherrimo
519 2970 620 3041 templo
634 2970 828 3040 Manganorum
845 2966 919 3042 quod
938 2970 1045 3034 dicitur,
1059 2970 1134 3022 illius
1152 2990 1203 3024 no-

119 3042 184 3092 mini
200 3058 283 3095 saoro.
312 3042 353 3093 ibi
378 3060 460 3113 quum
485 3044 679 3105 constitissem,
709 3051 829 3112 poteram
856 3060 936 3093 manu
959 3050 1056 3093 tenens
1086 3049 1114 3093 et
1131 3058 1204 3094 com·

119 3111 232 3181 pedibus
253 3113 377 3176 vinctus,
397 3115 586 3183 imperatorem
614 3114 685 3165 sorte
712 3119 912 3173 transeuntem,
940 3120 972 3163 ut
999 3111 1130 3162 ecclesiae
1159 3129 1203 3163 sn-

120 3184 170 3233 cris
188 3183 346 3247 interesset,
365 3184 512 3246 obsecravi,
531 3193 563 3237 ut
579 3185 683 3236 catenis
708 3200 752 3235 sne
770 3184 880 3235 levaret.
899 3199 983 3252 quum
1005 3182 1057 3233 ism
1076 3182 1204 3236 intrasset

21 3293 22 3304 ,
119 3252 147 3304 in
164 3254 303 3306 ecclesium
321 3256 477 3323 imperator,
495 3271 615 3307 reversus
632 3271 701 3306 unus
724 3254 759 3306 cie
778 3251 936 3323 proceribus
955 3252 992 3303 ita
1007 3268 1050 3303 rue
1069 3252 1203 3306 allocutus

120 3332 174 3375 est:
190 3322 293 3378 “iussit
309 3326 469 3394 imperator,
488 3325 613 3377 domiuus
632 3334 734 3388 noster,
754 3324 870 3376 vinculis
891 3331 919 3373 te
938 3322 1061 3387 liberari3
1079 3322 1109 3374 id
1128 3324 1203 3413 quod

21 3395 22 3444 ὲ
120 3394 287 3464 imperatrix,
315 3394 424 3447 domins
440 3404 550 3460 nostru,
575 3405 604 3449 et
620 3411 712 3447 omnes
737 3412 788 3446 nos
814 3398 848 3446 cb
867 3393 963 3445 eodem
978 3393 1153 3463 petivimus³.
1175 3404 1203 3447 et

21 3459 22 3492 ³
121 3480 195 3529 ecce,
211 3466 279 3519 circa
298 3468 462 3519 matutinum
479 3468 566 3519 noctis
584 3466 704 3519 eiusdem
721 3474 847 3535 ternpus,
873 3464 941 3517 horn
957 3473 1101 3529 consuetu,
1120 3468 1201 3519 turris

120 3534 247 3604 praefecti
272 3546 301 3590 et
317 3537 366 3588 alii
391 3538 460 3602 viri,
484 3538 668 3591 instrumentis
691 3536 785 3588 ferreis
809 3536 950 3597 instructi,
973 3537 1075 3587 catenis
1090 3553 1133 3588 me
1152 3553 1201 3589 ex-

120 3604 247 3674 pediunt,
274 3616 303 3660 et
320 3618 449 3661 excusant
474 3625 503 3660 se
521 3604 588 3661 mihi
617 3610 764 3677 aiuntque,
781 3624 837 3659 nou
854 3605 949 3658 hostili
966 3604 1030 3657 odio
1049 3614 1104 3659 tarn
1120 3622 1201 3677 parce

120 3692 151 3726 ac
167 3678 280 3747 maligne
297 3678 398 3732 victum
415 3696 444 3731 se
462 3680 633 3749 praebuisse,
650 3678 699 3731 sed
717 3680 781 3749 quia
799 3678 913 3728 meliora
931 3693 1001 3746 quae
1020 3675 1128 3740 darent,
1145 3694 1202 3731 nou

119 3742 273 3801 habuissent
290 3750 352 3818 ipsi.
372 3758 435 3871 post
452 3748 567 3803 biduum
584 3750 683 3803 adsunt
692 3749 792 3800 iterum
811 3756 839 3799 et
854 3764 898 3799 me
911 3748 1103 3812 cohortantur,
1118 3757 1202 3818 atque

122 3832 169 3887 ego
183 3836 236 3941 per
254 3821 345 3872 literas
367 3821 507 3873 <ominum
528 3838 616 3872 meum
640 3820 731 3881 oravi,
755 3827 787 3870 ut
800 3820 922 3870 mitteret
940 3818 1012 3870 viros
1036 3818 1201 3883 honoratos,

121 3890 168 3957 qui
201 3890 435 3943 sconditionibus
467 3891 637 3944 liberationis
654 3906 729 3942 meae
755 3890 936 3957 transigerent
952 3904 1011 3939 curn
1029 3886 1084 3951 bis,
1104 3904 1119 3939 a
1136 3890 1201 3959 qni-

21 4015 22 4026 ,
120 3954 170 4009 bus
188 3962 306 4031 septiens
324 3961 479 4014 detinebar:
496 3962 525 4013 id
545 3962 620 4033 qnod
639 3962 738 4013 sectum
759 3968 812 4021 est,
833 3968 879 4023 et,
899 3960 1047 4027 composita
1066 3960 1201 4023 amicitia,

122 4031 254 4089 castellum
272 4032 401 4085 Sarabale
428 4032 481 4083 hoc
499 4034 526 4084 ei
546 4042 626 4102 pacto
644 4030 829 4093 tradiderunt,
857 4037 888 4081 ut
904 4028 1074 4081 Glarontzsm
1091 4029 1203 4083 domum

123 4099 265 4166 recederet,
286 4112 315 4154 et
331 4100 443 4173 quidem
459 4104 482 4154 si
502 4119 553 4172 per
573 4103 675 4155 Maium
696 4102 814 4152 venisset
837 4098 1010 4167 metropolite
1032 4109 1059 4151 et
1076 4099 1201 4151 dominus

123 4166 244 4237 ipsorum,
260 4172 363 4225 sscsret
373 4174 405 4239 is,
417 4170 493 4244 quoti
508 4173 604 4242 vellet;
621 4174 643 4225 si
660 4189 716 4226 non
733 4172 987 4237 venissetsastrurn
1001 4170 1044 4221 illi
1062 4169 1200 4225 dederent.

174 4264 330 4322 Pisarissos.
984 4280 1014 4317 ro
