3042 4900
322 273 407 364 288
634 297 808 363 cuoucu
839 297 1082 364 ruusurusu

319 457 426 520 πᾶσαν
452 449 544 514 αύτοί
569 439 627 512 oda
654 441 771 532 ἤθελον
794 450 1021 543 γλουλωθῆναι,
1053 445 1134 516 α’λλύ
1159 451 1283 531 μᾶλλον
1303 447 1405 534 ἔλεγον

318 557 489 618 ἀποθανεῖν
524 555 664 632 κρεῖττον
684 543 707 631 ἢ
727 549 796 632 ζῆν.
853 553 992 633 Τούρκος
1013 553 1051 614 δέ
1069 574 1116 625 τις
1134 553 1178 638 τῷ
1199 553 1308 638 α’μιγρρῖ
1326 551 1404 616 οἰνα-

318 650 424 738 φορόν
443 646 576 732 ποιήσας
597 648 672 730 περί
691 649 746 732 τῆς
764 642 884 713 τούτων
904 648 1047 732 α’νδρίας,
1069 653 1257 734 προσέταξεν
1276 653 1330 712 ἵνα
1348 675 1404 713 τα-

317 754 456 816 τὲλθωσο
474 747 553 830 μετὰ
576 745 767 827 συμβάσεως
787 745 843 810 καί
860 739 940 811 οἷσιν
961 746 1126 833 ἐλεύθεροι
1146 733 1241 812 όότοί
1253 772 1287 812 τε
1309 744 1404 833 ναίὴ

315 851 395 925 ναύς
415 849 521 912 αύταῖν
541 847 598 911 aad
616 847 701 910 πόσα
722 844 743 928 ἦ
773 836 933 930 όποσνευῆ
960 843 1002 930 ἣν
1022 842 1118 929 εἶχον.
1159 848 1216 911 καί
1231 842 1334 924 ούτως
1352 855 1427 932 yet

317 953 459 1030 νομένων
475 942 571 1010 πόλιν
597 941 689 1028 μόλις
711 947 745 1010 ἐκ
766 948 824 1010 τού
849 942 973 1028 πύργου
996 945 1129 1022 τούτους
1157 942 1287 1011 ἔπεισαν
1307 948 1403 1012 olusi-

316 1052 397 1112 θεῖν.
439 1044 496 1110 καί
515 1042 572 1108 ddo
591 1047 650 1125 μὲν
671 1041 866 1131 αύτόδελφοε
883 1047 1015 1126 Ἰταλοί,
1040 1049 1173 1122 Παῦλος
1194 1043 1249 1109 καί
1265 1047 1405 1127 Τρωίλος

317 1140 468 1226 τούνομα,
488 1147 528 1208 ‘ia
554 1144 599 1230 τῷ
621 1145 849 1231 διατεταγμένον
875 1144 987 1219 αύτοῐς
1007 1143 1091 1232 τόπερ
1112 1142 1193 1224 μετὰ
1215 1147 1272 1210 ταί
1293 1140 1405 1227 ἑτέρων

316 1249 440 1310 πολλῶν
468 1246 619 1326 γενναίως
652 1238 809 1325 ἐμάχοντο
838 1244 896 1306 ναί
912 1241 988 1319 τούς
1016 1247 1184 1325 πολεμίους
1204 1245 1308 1320 κακοῖς
1328 1245 1405 1308 due·

274 1347 452 1428 64όίωχτον
472 1344 528 1407 καί
545 1339 602 1405 oris
625 1335 738 1425 ύγεννῆ
750 1339 934 1426 συμπλοκὴν
954 1343 1011 1406 καί
1022 1341 1174 1426 σύρραξιν
1194 1345 1330 1425 ἐποίουν,
1352 1346 1445 1417 ναίω

319 1443 419 1532 φόνος
441 1433 481 1526 ἦν
498 1440 694 1523 όναμεταξύ,
726 1444 806 1524 λέγω
825 1443 889 1506 τῶν
921 1438 979 1506 δύο
999 1447 1105 1524 μεροῖν
1135 1443 1197 1506 τεόν
1215 1446 1404 1525 μαχομένων
1512 1484 1513 1495 1

317 1545 374 1608 τιαί
401 1539 682 1626 ύπερμαχούντων.
733 1543 889 1628 στραφείς
909 1542 945 1604 δὲ
965 1539 986 1602 ό
1005 1543 1140 1616 Παῦλος
1161 1543 1216 1605 καί
1234 1539 1319 1626 όριόν
1335 1541 1405 1617 τούς

316 1643 484 1722 πολεμίους
504 1637 624 1704 ἔσωθεν
637 1641 695 1723 τῆς
705 1635 826 1714 πόλεως
838 1643 922 1722 λέγει
934 1644 978 1727 τῷ
998 1641 1127 1726 desipui
1144 1639 1248 1704 αύτοῦ
1261 1635 1312 1704 “a’i
1332 1641 1405 1727 φρί-

317 1745 369 1820 ξον
389 1735 481 1824 ἥλιε.Ι
522 1733 717 1815 όόστόναξον
736 1740 801 1824 γῆί
833 1733 925 1832 ,ἑάλω
947 1739 967 1824 ἦ
989 1735 1093 1821 πόλις,
1112 1737 1198 1823 ἡμᾶς
1218 1740 1253 1803 δὲ
1273 1741 1329 1804 τοῦ
1349 1761 1402 1802 πο-

316 1845 423 1920 λεμεῖν
442 1841 606 1924 παρῆλθεν
627 1837 646 1921 ἦ
669 1833 751 1922 οόρα.
801 1839 869 1903 ἀλλ’
891 1838 971 1925 ύπὲρ
992 1842 1048 1925 τῆς
1068 1839 1228 1923 σωτηρίας
1247 1838 1355 1924 ἡμῶν,
1376 1839 1405 1904 τί
1413 1845 1443 1909 15
1512 1842 1513 1857 ¹

317 1933 464 2021 δυνατόν,
486 1939 734 2024 φροντισωμεν.”
1512 2012 1513 2023 ¹

400 2035 472 2102 Καί
493 2034 594 2113 ούτως
614 2040 774 2121 ἐγκρατεῖς
802 2035 834 2103 οἱ
852 2040 995 2120 πολέμιοι
1024 2037 1128 2121 πόσης
1146 2039 1202 2122 τῆς
1221 2039 1340 2114 πόλεως
1356 2061 1403 2122 γε·
1512 2054 1513 2065 ’

316 2131 442 2220 γυνότες
460 2135 562 2226 ἡμέρᾳ
582 2140 689 2222 τρίτῃ,
710 2131 779 2222 οόρα
800 2131 838 2221 ἦν
858 2141 912 2221 τῆς
941 2136 1062 2220 ἡμέρας
1088 2135 1117 2219 β’
1140 2139 1196 2202 καί
1213 2131 1333 2220 ἥμισυ,
1352 2139 1404 2202 τοῦ

319 2235 419 2330 ,ςῧξα
442 2232 543 2313 ἔτους,
564 2238 604 2322 τῇ
624 2234 671 2300 xe
693 2233 794 2320 μηνός
814 2239 940 2303 Μαΐου.
960 2237 1096 2302 καὶτῶν
1115 2239 1175 2317 μὲν
1195 2233 1402 2322 προαπιπτόν·

314 2359 377 2400 των
396 2329 435 2420 ἦν
466 2334 592 2420 ἁρπαγὴ
613 2335 669 2398 καί
696 2337 911 2418 αἰχμαλωσία,
939 2340 1003 2401 τοῖν
1024 2338 1060 2401 δὲ
1082 2339 1401 2417 καταλαμβανομένων
1409 2361 1444 2406 ao
1512 2398 1513 2441 ρ

315 2437 372 2500 stoi
389 2435 627 2516 ἀνθισταμένων
647 2437 778 2521 σφαγή·
819 2436 876 2501 καί
894 2429 1045 2517 ούύαμοῖς
1066 2433 1087 2518 ἦ
1108 2439 1148 2519 γῆ
1168 2431 1279 2501 ἔντεσι
1300 2430 1403 2510 τόποις
1512 2461 1513 2502 ῑ

315 2534 352 2598 ε’τι
375 2534 438 2599 τῶν
468 2536 586 2616 νεκρῶν
614 2532 806 2620 διεφαίνετο.
848 2538 905 2599 καί
937 2527 976 2619 ἧν
1004 2538 1085 2601 ἰδεῖν
1109 2539 1218 2616 θέαμα
1248 2536 1337 2612 ξένον
1352 2534 1403 2599 καί

316 2632 456 2719 θρήνους
484 2630 618 2709 πολλούς
635 2635 703 2721 ιτιαί
722 2636 883 2712 ποικίλους
913 2636 970 2699 τιαί
991 2631 1186 2722 α’μετρήτους
1212 2632 1401 2721 α’νδραττούι-
1512 2623 1513 2644 ¹

386 2806 652 2933 dppzvrdmmp
760 2808 907 2881 γ.’1ταλολ
923 2810 1004 2863 cml>
1130 2809 1169 2879 sl.
1190 2810 1235 2880 γῆ.
1260 2812 1292 2862 τί
1306 2808 1401 2876 rosim
1512 2815 1513 2864 l

315 3034 427 3087 luerimt
443 3040 534 3087 tamen
551 3032 604 3103 ipsi
621 3032 720 3103 subigi,
732 3032 783 3086 sed
796 3041 910 3086 mortem
927 3032 983 3085 vits
995 3048 1054 3084 esse
1070 3031 1304 3102 praestabiliorem
1321 3032 1399 3087 duce·

314 3104 392 3158 bant.
422 3104 458 3157 de
482 3121 597 3175 quorum
623 3106 723 3156 virtuto
747 3120 832 3174 quum
848 3106 937 3157 Turca
961 3103 1063 3173 aliquis
1080 3120 1187 3155 amerae
1205 3106 1399 3167 renuntiasset,
1512 3153 1513 3172 p

315 3176 402 3229 edixit
419 3176 450 3239 is,
471 3185 501 3227 ut
521 3193 554 3227 ex
572 3183 652 3246 pacto
670 3174 869 3228 descenderent
889 3182 994 3226 etcum
1012 3175 1075 3225 navi
1094 3182 1122 3225 et
1141 3175 1214 3226 omni
1232 3174 1397 3246 supellectile
1512 3175 1513 3178 ’

315 3266 364 3300 sua
382 3247 462 3299 liberi
483 3252 583 3299 essent.
614 3252 644 3299 at
667 3247 705 3297 sic
728 3261 840 3315 quoque
858 3260 937 3313 aegre
955 3246 989 3297 iis
1008 3253 1209 3314 persuaserunt,
1225 3254 1258 3298 ut
1279 3244 1398 3297 discede·

315 3326 384 3370 rent
403 3316 457 3367 duo
477 3316 572 3369 fratres
588 3318 661 3380 Itali,
676 3316 775 3369 Paulus
788 3325 818 3369 et
830 3316 938 3367 Troilus
952 3314 1117 3377 nominibus,
1134 3316 1164 3367 in
1181 3316 1242 3368 loco
1261 3316 1313 3368 sibi
1331 3332 1400 3368 mm·
1512 3339 1513 3372 r

314 3404 395 3439 masso
411 3404 471 3438 cum
486 3388 548 3440 aliis
562 3389 654 3441 multis
673 3403 803 3455 generose
821 3387 1000 3450 decertantes,
1021 3384 1113 3438 boates
1127 3388 1225 3437 acriter
1235 3386 1399 3457 repellebant

315 3466 345 3511 et
360 3457 433 3508 haud
447 3458 500 3510 levi
519 3458 685 3510 dimicabant
720 3458 814 3521 roelio,
830 3466 859 3509 et
876 3466 1060 3526 utrorumque,
1078 3464 1136 3510 turn
1152 3459 1329 3525 pugnantium
1346 3467 1397 3511 tun

316 3527 535 3592 defensantium,
561 3530 658 3580 caedes
677 3476 837 3581 edebantur.
863 3530 1009 3597 respiciens
1031 3536 1121 3579 autem
1141 3528 1237 3580 Paulus
1255 3528 1396 3597 hostesque

315 3600 386 3652 intra
404 3598 497 3649 urbam
516 3600 694 3669 conrpicntus,
712 3598 747 3651 ad
765 3600 875 3651 fratrem
898 3614 1041 3651 conversus
1065 3596 1101 3649 “o
1123 3599 1174 3661 sol.
1190 3598 1337 3660 horresce?
1357 3599 1397 3649 in-

316 3671 392 3741 quit,
408 3667 443 3719 “o
461 3668 562 3733 tellus,
593 3668 750 3739 ingemisce!
769 3678 847 3739 capta
864 3668 928 3721 urbs
947 3678 1004 3733 est,
1020 3677 1050 3721 et
1067 3669 1209 3738 pugnandi
1225 3678 1332 3737 ternpus
1347 3669 1396 3720 iam

314 3740 464 3811 praeteriit.
483 3746 601 3791 attamen
618 3740 653 3792 de
671 3740 758 3792 salute
776 3749 878 3803 nostra,
895 3740 919 3791 si
938 3758 993 3810 qna
1013 3755 1075 3809 spes
1093 3748 1143 3802 est,
1162 3738 1337 3808 cogitemus?

386 3814 427 3863 lta
437 3811 529 3863 hostes
544 3818 601 3861 tota
611 3810 677 3862 urbe
689 3812 772 3879 potiti
782 3820 847 3863 sunt
857 3810 901 3862 die
913 3812 1003 3873 tertio,
1015 3808 1081 3862 hora
1098 3809 1219 3863 secunda
1229 3818 1259 3863 et
1274 3808 1397 3870 dimidia,

315 3896 388 3933 anno
396 3882 475 3947 6961,
485 3881 584 3932 mensis
595 3882 661 3933 Maii
671 3881 717 3933 die
727 3898 769 3948 ²9·
780 3884 829 3951 qui
839 3883 981 3945 irruerant,
989 3880 1133 3952 rapiebant
1143 3889 1172 3933 et
1184 3882 1304 3951 captivos
1320 3880 1398 3933 iacie-

315 3948 391 4011 bant,
399 3954 446 4020 qui
457 3951 631 4020 capiebantur
640 3961 668 4004 et
676 3952 847 4017 resistebant,
856 3952 1050 4016 mactabantur,
1060 3960 1144 4021 atque
1152 3952 1293 4005 nonnuliis
1300 3952 1328 4003 in
1336 3950 1399 4002 locis

316 4036 381 4089 prae
391 4020 549 4073 cadaverum
561 4022 736 4075 multitudine
747 4040 803 4075 non
813 4022 963 4093 apparebat
975 4032 1054 4075 terra.
1069 4021 1179 4075 vidisses
1189 4039 1290 4075 novum
1301 4029 1401 4093 specta·

317 4088 416 4151 culum,
435 4090 552 4145 lamenta
567 4094 653 4146 multa
664 4103 692 4145 et
703 4093 785 4157 varia,
804 4094 910 4162 rapinas
923 4095 1087 4155 innumeras,
1100 4092 1198 4162 quibus
1207 4092 1334 4145 mulieres
1349 4092 1401 4161 pri·

316 4160 435 4223 mariae,
461 4162 577 4231 virgines
606 4172 634 4218 et
651 4162 701 4216 deo
731 4172 919 4231 consecratae,
950 4164 1058 4235 capillis
1087 4173 1115 4216 et
1141 4163 1260 4217 crinibus
1277 4172 1293 4216 a
1311 4162 1399 4218 Tuscis
