3042 4900
244 301 299 363 οε
315 296 685 365 rumsttoruumsr
699 298 868 366 sxcrnro
886 301 1112 367 urnmrro.
1140 272 1227 387 489

145 446 281 534 τύνδρός
302 448 517 535 ἐστερήμεθα,
538 448 637 530 μόνου
654 454 911 538 περιληφθέντος
932 455 967 518 ἐν
983 450 1136 529 τοιούτοις
1155 476 1227 518 και.

145 553 215 633 ροῖς
243 545 299 612 καί
321 546 479 626 τοσούτοις
507 550 651 633 ἀνιαροῖς
689 553 736 625 εἰς
766 551 978 635 παραμύθιον.
1029 550 1145 627 πάντες
1164 552 1288 635 yrip325

145 643 252 732 ὅσπερ
271 646 342 711 τινοὶ
365 648 500 729 δύναμιν
522 647 653 732 ζωτικὴν
673 654 707 713 ἐν
735 648 810 734 ἡμῖν
833 652 1015 732 ἐνομίζομεν
1034 654 1150 730 τοῦτον,
1173 654 1229 717 καί

143 742 205 828 τὴν
226 742 373 829 τελευτὴν
390 747 509 813 ἐκείνου
528 750 630 831 μηδὲν
656 741 734 813 ἄλλο
753 748 891 829 νομίζειν
917 747 1043 831 εἴχομεν
1061 744 1083 832 ἢ
1102 752 1156 831 τῆς
1175 752 1227 833 s'sp'

117 843 230 926 ὅῆμός
250 846 309 907 τού
339 849 419 909 θεοῦ
438 844 635 929 δικαιοτάτης
655 849 802 925 παιόειας
828 842 895 913 οἷον
913 848 1086 932 appositior.
1134 850 1227 913 τούτο

142 944 208 1011 uis
226 950 384 1007 κατειπεῖν
401 940 564 1031 ᾑρημένων
578 946 697 1010 ἐκείνου
710 949 907 1033 σαφίστατσς
919 945 1055 1030 ἔλεγχος,
1078 945 1132 1011 καί
1151 944 1225 1022 τούς

143 1041 271 1106 α’δεκίαν
289 1049 359 1105 κατ’
380 1041 499 1106 ἐκείνου
519 1046 689 1120 λαλοῦντας
721 1042 771 1111 ότι
801 1044 846 1129 μὴ
868 1049 1040 1129 προδοσίαν
1060 1050 1224 1128 ἐσκέψατο,

111 1152 115 1158 ’
133 1149 135 1152 ’
141 1141 226 1221 μηδὲ
246 1139 310 1204 τόν
327 1142 421 1226 σφίσι
433 1144 604 1208 δοκούντων
623 1148 786 1220 συνιέντας
799 1148 989 1229 βαθύτερον,
1011 1148 1140 1220 ἐνδίκως
1156 1148 1225 1211 ἐπι.

141 1240 293 1317 στομίζει.
335 1234 424 1320 οἶμαι
446 1240 508 1324 γὰρ
530 1238 607 1325 ύγοό,
640 1246 745 1323 δεῖξαι
765 1244 932 1330 βουληθείς
951 1244 968 1309 ό
989 1243 1064 1321 θεὸς
1084 1236 1147 1319 οἷος
1164 1246 1225 1325 μὲν

99 1334 160 1405 τού
178 1335 265 1419 ἱερός
286 1340 402 1413 ἐκεῖνος
433 1332 514 1424 α’νὴρ
538 1342 595 1405 καί
610 1345 703 1407 τίνων
722 1338 809 1421 ἄξιος
833 1337 892 1429 ἦν,
925 1339 986 1411 σόοι
1007 1344 1036 1407 δ’
1055 1342 1146 1428 ἡμεῖς
1169 1346 1225 1409 καί

141 1438 232 1511 τόνοις
262 1439 492 1522 εἰσπραχθῆναι
521 1444 611 1516 δίκας
641 1444 756 1507 δίκαιον
780 1436 878 1526 ἦμεν,
900 1442 953 1509 διό
977 1446 1068 1509 τούτο
1088 1442 1126 1509 τύ
1149 1446 1222 1507 καθ’

140 1528 291 1619 ἓκότερον
308 1540 405 1619 μέρος
423 1533 522 1615 σύτως
542 1540 720 1625 ρύκονόμησε
738 1540 973 1629 συμφερόντως.

226 1632 267 1699 d'.
312 1633 433 1701 Τούτου
454 1630 510 1700 σύν
526 1640 585 1702 τοό
606 1642 730 1717 δεινού,
752 1644 807 1724 τῆς
827 1645 974 1725 τελευτῆς
994 1644 1113 1709 ἐκείνου
1133 1649 1226 1729 φημί,

142 1735 410 1816 προστεθειμένον
438 1743 506 1811 τοῖς
526 1728 654 1819 ἄλλοις,
687 1737 742 1803 καί
767 1736 888 1805 πόντων
914 1745 977 1805 τῶν
1003 1744 1037 1807 δν
1056 1747 1096 1829 τῇ
1118 1742 1225 1825 πόλει,

98 1830 271 1914 ιόύνδροῖν
289 1838 447 1915 γυναικοῖν
469 1838 592 1901 παίδων
609 1838 759 1903 Λατίνων
776 1860 811 1903 τε
838 1842 893 1903 κατ’
917 1838 1022 1904 σύτῶν
1044 1841 1225 1922 Ἰουδαίων,

141 1930 288 2007 ἐλεεινός
323 1930 404 2014 πρός
432 1927 587 2018 totitem
608 1934 841 2019 διομιλούντων,
862 1935 919 2001 καί
937 1934 975 2002 τό
993 1942 1053 2018 μὲν
1074 1933 1142 2003 ἄλλ’
1162 1933 1223 2003 iou

138 2024 270 2105 τούτους
292 2031 395 2109 ε’πίεζε
424 2034 568 2116 δηλονότι
599 2038 640 2121 τῇ
668 2034 749 2123 λήθῃ
774 2036 1060 2119 παραπεμπόντων,
1087 2037 1146 2121 τὴν
1167 2040 1225 2103 τού

140 2129 291 2208 ποιμένος
311 2131 347 2195 it
365 2131 512 2217 στέρησιν
530 2129 586 2197 ἐπί
597 2138 672 2198 ναόν
684 2134 907 2218 λαμβανόντων
927 2138 982 2201 καί
994 2140 1133 2219 συνεχεῖς
1147 2159 1224 2220 προ-

141 2222 325 2310 φερόντων,
353 2232 410 2313 τῆς
432 2235 494 2295 τού
511 2236 595 2298 θεοό
616 2256 651 2299 τε
671 2238 828 2317 παιδείας,
849 2234 892 2311 τός
914 2231 1070 2321 προύρην,
1094 2236 1149 2299 καί
1169 2240 1224 2319 τῆς

93 2328 343 2411 πονεγενημὲνης
364 2328 512 2409 ύλιόσεως
532 2336 587 2398 καί
602 2331 754 2416 λεγόντων
774 2343 902 2419 σημεῖον
913 2338 1004 2399 τούτο
1023 2334 1078 2399 καί
1097 2350 1287 2403 neusse-326

142 2425 247 2509 όντων,
269 2465 310 2478 -
323 2424 424 2506 ούτως
443 2425 500 2498 σύν
519 2434 740 2518 διατεθέντων,
763 2436 819 2501 καί
838 2434 944 2518 ύλίγσυ
967 2430 1006 2522 dp'
1026 2457 1107 2514 τινος
1127 2438 1161 2502 ἐν
1181 2438 1224 2524 τῷ

212 2650 239 2686 u.
255 2636 296 2697 sic
312 2639 395 2690 omA
470 2641 508 2694 ri.
525 2643 637 2698 τοόίΔ

144 2821 191 2890 qui
213 2820 287 2873 soius
304 2823 482 2881 efflictsesrmss
502 2829 576 2883 bisce
593 2834 758 2902 temporibus
777 2838 902 2892 intentis
921 2857 1006 2892 rerum
1025 2835 1223 2892 discriminibus

143 2891 268 2944 solatium
288 2907 459 2962 remanserat,
476 2917 568 2954 omnes
582 2904 715 2975 siquidem
731 2925 790 2959 eum
812 2912 852 2962 uti
865 2911 972 2962 vitalem
992 2911 1020 2962 in
1038 2909 1117 2962 nobis
1137 2909 1224 2960 tacut-

101 2965 104 2971 ‘
143 2968 228 3013 tatem
249 2965 448 3034 reputabamus,
467 2971 596 3043 illiusque
615 2984 727 3027 mortem
746 2980 930 3032 tantummodo
948 2981 1110 3032 ducebamus
1127 2981 1224 3030 adrer-

143 3048 190 3083 sus
207 3049 257 3084 nos
274 3035 436 3090 iustissimae
453 3044 570 3095 numinis
594 3046 746 3112 punitionis
770 3049 915 3102 exordium.
952 3051 1003 3102 hoc
1021 3069 1068 3102 eos
1088 3051 1225 3116 redarguit

142 3105 312 3171 apertissime
338 3110 385 3177 qui
411 3111 522 3178 indigne
546 3113 618 3165 dicte
642 3119 671 3167 iu
686 3133 746 3168 eum
773 3121 900 3188 ingerunt
923 3129 950 3172 et
967 3121 1079 3173 infamia
1101 3129 1223 3184 onerant,

142 3173 217 3244 quod
234 3175 416 3244 proditionem
433 3198 488 3232 non
513 3187 634 3248 suaserit,
651 3194 680 3239 et
701 3188 776 3256 quod
797 3207 842 3241 eon
864 3191 978 3261 propriis
996 3193 1123 3255 consitiis,
1143 3193 1225 3244 altius

140 3243 283 3312 quidpiam
301 3248 464 3314 meditatus,
482 3253 540 3304 iure
558 3259 723 3323 represserit.
760 3263 857 3329 opinor
868 3262 993 3332 equidem
1012 3279 1070 3330 ego,
1089 3281 1147 3314 cum
1164 3265 1223 3313 vei-

140 3313 182 3365 let
200 3315 266 3366 deus
296 3329 328 3368 ut
350 3321 475 3373 omnibus
493 3323 678 3379 innotesceret
695 3331 755 3398 quis
773 3332 813 3381 vir
836 3333 883 3383 iile
901 3349 975 3384 sacer
1001 3341 1073 3386 esset
1101 3343 1129 3385 et
1153 3349 1225 3404 quo-

140 3400 198 3434 rum
221 3385 337 3455 dignus,
365 3389 414 3459 qni
441 3409 504 3443 vero
521 3411 571 3446 nos
591 3405 619 3448 et
647 3399 747 3467 quibus
765 3403 859 3468 poenis
877 3403 1005 3466 obnoxii,
1023 3403 1122 3474 quibus
1143 3405 1224 3456 mise·

140 3455 188 3537 riis
204 3456 276 3509 iuste
293 3462 475 3527 excruciandi,
495 3464 525 3515 id
539 3473 651 3535 propter
667 3485 710 3520 res
728 3471 867 3543 utriusque
886 3475 914 3526 in
931 3491 986 3526 rem
1004 3477 1110 3546 utrique
1130 3475 1223 3545 dispo-

139 3541 234 3576 suisse.
775 3553 778 3562 ’

212 3595 237 3661 4.
272 3598 370 3668 itaque
388 3607 442 3653 tem
461 3602 519 3654 diro
537 3605 618 3668 maio,
635 3607 714 3660 obitu
730 3625 828 3680 nempe
845 3614 928 3676 illius,
945 3615 1041 3668 ceteris
1060 3614 1174 3676 adnexo,
1196 3621 1224 3668 st

139 3663 266 3718 omnibus
286 3668 315 3718 iu
341 3670 450 3724 ciuitate
469 3675 533 3726 viris
558 3678 717 3744 mutieribus
735 3684 836 3749 pueris,
853 3686 971 3748 Latinis,
991 3686 1098 3737 ludaeis
1116 3701 1225 3756 (guoque

138 3735 225 3804 ipsis,
255 3737 436 3793 miserendum
456 3745 486 3796 in
514 3745 627 3798 moduni
649 3765 799 3802 sermonem
829 3755 1048 3818 conserentibus,
1075 3757 1225 3824 etreliqua

138 3807 229 3857 omniu
257 3821 328 3874 quae
355 3823 402 3862 eon
429 3819 486 3866 tum
515 3815 667 3884 affligebant
694 3835 710 3871 e
733 3827 861 3876 memorio
880 3825 1093 3896 deponentibus,
1111 3827 1225 3894 passoris

137 3878 210 3930 tenti
229 3876 410 3945 privationem
433 3884 460 3934 in
486 3896 602 3937 mentem
629 3891 817 3946 revocantibus
837 3904 866 3947 et
884 3899 994 3966 saepius
1010 3897 1226 3966 proferentibus,

138 3946 393 4016 asserentibusque,
422 3957 523 4006 utinm
543 3957 636 4021 innui,
656 3969 685 4012 et
711 3977 768 4014 uon
787 3973 889 4019 temere
906 3967 1079 4019 credentibus
1095 3967 1226 4020 indicium

138 4014 209 4068 iilud
226 4033 286 4068 esse
307 4027 336 4070 et
352 4019 462 4074 divione
482 4027 632 4092 punitionis
652 4039 680 4081 et
707 4031 843 4088 subsecuti
866 4036 981 4102 excidii3
1004 4037 1070 4102 boc,
1095 4039 1225 4110 inquam,

140 4095 211 4139 stitus
222 4105 318 4150 rerum,
336 4105 395 4141 nutu
409 4093 542 4147 medicum
555 4096 788 4169 temprsseiuterim
807 4109 988 4175 processisset,
1007 4108 1035 4160 in
1055 4110 1130 4178 peius
1143 4125 1225 4179 quum

138 4165 220 4213 auten
239 4175 317 4212 ruere
337 4163 449 4228 nuruis,
465 4181 562 4236 inagna
587 4171 713 4223 confusio
738 4177 842 4232 animos
866 4194 1008 4249 occepere,
1025 4197 1085 4232 cum
1105 4179 1159 4232 uiiu
1176 4180 1224 4232 aiii
