3042 4900
462 307 536 368 us.
553 307 579 365 ι.
609 301 699 369 css.
719 304 802 366 xxi.
1155 266 1209 400 73

117 454 168 532 βεν
189 441 303 533 όρχὴν.
347 451 415 516 αλλ’
437 450 496 516 nris
519 455 565 528 εἷς
585 449 702 538 μάκρος
724 455 780 518 κατ’
797 450 894 528 αότός
912 451 966 518 τόν
983 455 1054 536 βίον
1074 452 1214 534 α’πολιμ-

117 551 224 631 πάνει,
246 555 412 634 λαθραίως
433 554 523 634 παρά
543 577 636 618 τινων
659 555 722 617 τοῖν
742 555 799 634 τῆς
818 555 938 635 βουλῆς
962 549 1091 634 καὶτῆς
1111 550 1214 635 αδλῆς

118 649 215 714 atros
235 653 413 734 φονευθείς.
456 657 511 734 τῆς
530 653 566 716 δὲ
583 652 645 716 τόν
658 649 807 736 Τοόρκων
828 654 929 738 ἀρχῆς
951 645 1051 727 οὕτως
1071 655 1211 738 φθαρεί·

116 772 182 832 σης,
203 748 260 813 καί
279 749 342 814 τοῖν
362 747 556 834 πραγμάτων
572 749 699 817 ἐκείνων
713 751 747 829 ἐξ
770 746 917 828 εόταξίας
939 748 995 815 καὶ
1011 750 1112 834 τύχης
1131 757 1213 831 λαμ·
1291 772 1296 780 ·

94 849 196 931 5πράς
219 849 266 925 είς
294 846 428 926 α’ταξίαν
448 853 599 933 μεγίστην
612 851 850 934 κεχωρηκότων,
870 843 910 914 σά
929 847 1027 930 μόνον
1046 847 1214 931 σατράπαι

115 949 168 1011 καί
195 942 268 1013 ὅσοι
291 951 335 1036 τῷ
355 951 438 1030 γένει
467 949 522 1012 καί
543 947 618 1036 δόξῃ
641 949 847 1035 διαφέροντες
866 949 911 1026 εἰς
931 955 1063 1015 πλείστα
1083 946 1211 1030 ἔτεμον,

115 1042 170 1128 τὴν
190 1040 268 1131 ὅλην
289 1047 437 1130 διέλαβον
460 1047 666 1132 έγκράτειαν,
697 1043 780 1114 άλλά
800 1050 857 1114 καί
874 1051 986 1117 πολλοί
1003 1051 1067 1114 τόν
1085 1042 1211 1126 άδόξαν

115 1147 167 1208 καί
185 1141 382 1226 άνωνόμων,
407 1139 523 1230 ὄχλους
547 1145 637 1225 τινάς
660 1145 903 1232 συμφερτοόδεις
926 1147 1213 1232 προσεταιρισάμε-

115 1263 181 1326 νοι,
207 1242 291 1328 πρὸς
313 1243 482 1333 λῃστρικόν
511 1247 682 1312 άπέκλιναν
701 1248 774 1330 βίον
793 1246 848 1314 καί
867 1245 927 1324 τάς
947 1245 1085 1333 ὁμόρους
1102 1243 1213 1331 χόριος

78 1346 166 1410 tonat*
183 1344 296 1420 πόλεις
319 1347 384 1410 τῶν
401 1339 568 1428 Ῥωμαίων
591 1349 694 1425 κακαῖς
714 1347 903 1414 tambram.
957 1349 994 1414 ἐκ
1011 1342 1131 1413 τοότων
1150 1349 1214 1414 τόν

114 1440 278 1526 οἷρχόντων
297 1435 343 1519 εἷς
363 1442 528 1528 όπῆρχεν,
551 1443 596 1522 αἱς
617 1443 794 1530 ἱστοροῦσι,
814 1449 871 1512 καί
890 1441 909 1510 δ
930 1491 1092 1511 ......
1092 1529 1096 1539 ι
1112 1469 1213 1514 κατα·

109 1541 240 1624 γίμενος
261 1545 320 1624 μέν
350 1545 386 1608 έν
408 1547 520 1627 γένους
540 1537 578 1610 ori
611 1547 765 1612 τοσοῦτον
788 1548 1006 1632 περιφανοῦς,
1026 1541 1072 1622 οἷς
1087 1568 1211 1632 φασιν,

111 1643 144 1706 έν
163 1642 200 1708 δὲ
217 1642 353 1728 άρεταῑς
372 1643 428 1708 καί
444 1643 591 1729 α’νδρίαις
611 1644 820 1731 περιβόητος·
862 1636 903 1730 ἢν
921 1644 985 1732 γάρ
1005 1641 1136 1719 συνετός
1154 1642 1213 1711 καί

111 1741 264 1821 ἐπιδέξιος
284 1743 341 1807 καί
360 1743 394 1808 ἕν
416 1745 462 1832 τρῖ
482 1745 584 1828 λέγειν
605 1745 661 1810 καὶ
678 1740 829 1829 τρόπεον
842 1741 928 1809 πάνυ
948 1741 1043 1821 καλός
1062 1747 1119 1811 καί
1138 1744 1210 1808 έπι·

76 1837 244 1925 stelenus.
266 1835 397 1926 α’ίρμητο
419 1845 456 1910 δέ
481 1833 609 1928 όόχλος
628 1841 647 1909 δ
669 1838 715 1910 όν
734 1849 805 1925 μετ’
826 1845 929 1909 ου’τοό
946 1840 983 1910 ἕν
1004 1865 1090 1919 τινος
1109 1838 1211 1926 tuan·

111 1941 183 2020 χίας
203 1946 401 2026 καλουμένης
432 1989 590 2007 ......
598 1993 608 2025 ,
633 1947 689 2008 καί
708 1939 762 2008 διά
782 1940 842 2025 τὴν
863 1938 991 2010 σόνεσιν
1019 1946 1075 2008 καί
1095 1941 1211 2026 α’ρετίγν

113 2037 164 2104 καί
183 2041 393 2125 δικαιοαόνην
423 2037 526 2108 ariensi
549 2043 614 2108 πάν
645 2041 681 2108 τό
711 2045 775 2108 τοῖν
804 2037 954 2125 Τοόρκων
979 2043 1069 2126 γένος
1087 2038 1210 2117 ἰδόντες

113 2139 164 2204 καί
190 2139 403 2224 α’κσόσαντες,
438 2136 535 2208 αότοί
561 2143 617 2208 καί
645 2138 662 2206 ό
690 2141 941 2226 συναθροισθεὶς
965 2144 1084 2218 ε’κελνος
1109 2139 1207 2222 λαός,

113 2243 241 2307 πλεῖστα
270 2240 415 2326 ἠγάπουν
441 2240 497 2308 καί
525 2239 740 2308 ὑπετάσσοντο
768 2246 823 2307 καί
856 2236 972 2325 ἤκουον
992 2241 1094 2306 αὐτοῦ
1111 2239 1210 2306 seila·

77 2343 182 2418 εοβοῖς.
234 2333 330 2417 οὗτος
357 2345 452 2432 γεννᾷ
467 2342 524 2408 τόν
545 2387 711 2406 ......
733 2339 827 2419 υἱόν,
845 2339 880 2416 ὃς
899 2341 956 2406 καί
974 2339 1032 2425 τὴν
1050 2337 1209 2425 πατρικὴν

114 2439 212 2527 άρχὴν
234 2441 461 2525 διαδεξάμενος
490 2445 537 2521 εἰς
556 2441 595 2510 τά
616 2441 719 2508 πάντα
750 2437 857 2523 δμσως
881 2432 922 2526 ἦν
943 2441 988 2529 τῷ
1006 2443 1114 2525 πατρί.
1154 2438 1212 2505 καί

113 2540 188 2610 κατά
210 2544 318 2609 πάσαν
340 2542 399 2627 τὴν
422 2544 536 2611 Ἀσίαν
557 2538 684 2631 ἦφὴμη
707 2540 812 2608 αότοό
844 2540 976 2628 ἔδρρμε,
995 2544 1053 2607 καί
1070 2540 1127 2605 δπ’
1146 2542 1207 2605 αό-

179 2726 205 2777 6.
224 2727 344 2799 έτυχονῒ
416 2745 439 2797 7.
450 2727 579 2821 διίλαγον
596 2729 626 2781 Μ
696 2731 721 2784 8.
743 2727 933 2814 σοφερτόδεγς
950 2727 987 2801 bt
1004 2744 1040 2780 an
1058 2728 1207 2802 συρφετό-

178 2796 255 2860 sisse?
326 2814 613 2873 προσεντερισαμενοι
630 2800 660 2853 Μ
739 2818 780 2855 ιι.
799 2796 841 2860 εἷς
857 2798 983 2875 δπηρχεν
1003 2801 1090 2853 nmP
1160 2800 1232 2851 to..

177 2885 374 2997 ἓρωτγγευυω
387 2887 445 2993 'ons'
456 2872 507 2994 {lm
525 2942 554 2995 Μ
593 2875 633 2927 16.
651 2872 823 2945 καλουμένης
847 2888 908 2925 eum
926 2874 988 2924 loco
1008 2886 1094 2925 vacuo
1112 2887 1157 2923 οω
1175 2870 1205 2923 Μ

115 3102 216 3155 ternum
242 3117 356 3171 regnum
380 3102 502 3173 recepit,
519 3104 569 3159 sed
588 3120 644 3158 non
664 3104 752 3159 msslto
769 3112 833 3175 post
849 3102 967 3156 excessit
984 3118 1001 3154 ε
1015 3102 1090 3166 site,
1107 3119 1123 3154 ι
1139 3102 1203 3173 qui-

113 3166 220 3221 busdam
239 3172 403 3225 consiliariis
421 3184 449 3227 et
473 3175 631 3244 proceribus
650 3175 744 3229 aulicis
765 3176 830 3227 dolo
848 3174 1018 3228 interfectus.
1052 3173 1203 3229 Turenum

113 3255 190 3307 tegno
208 3242 280 3296 bunc
299 3244 329 3295 in
346 3244 457 3297 modum
474 3244 600 3310 turbato,
619 3256 647 3299 et
668 3248 748 3299 rebus
765 3264 800 3298 ex
817 3246 915 3297 ordins
934 3254 963 3297 et
978 3242 1125 3314 splendide
1145 3244 1202 3297 sor-

113 3315 174 3361 tunn
191 3314 220 3365 in
236 3315 381 3367 maximam
398 3316 585 3369 confusionem
604 3316 743 3383 traductis,
763 3334 820 3369 non
834 3316 916 3368 modo
933 3325 1056 3386 satrapae
1073 3323 1103 3368 et
1118 3323 1202 3386 quot-

112 3391 176 3451 quot
202 3402 299 3453 genere
332 3396 360 3439 et
390 3388 552 3440 auctoritato
576 3390 691 3441 maxime
713 3390 834 3459 insignes
867 3396 959 3449 erunt.
993 3394 1083 3439 totum
1113 3387 1148 3438 im
1169 3404 1202 3438 e-

112 3452 177 3505 rium
195 3456 266 3508 inter
279 3472 307 3509 ss
326 3457 535 3522 distribuerunt,
553 3459 602 3511 sed
620 3460 703 3512 etiam
723 3460 804 3511 multi
822 3458 956 3527 ignobiles
974 3466 1003 3511 et
1020 3457 1127 3509 obscuri
1147 3406 1201 3509 lo.

112 3525 209 3589 mines,
239 3528 351 3580 sinens
375 3530 472 3600 populi
490 3530 612 3583 collectis
631 3530 775 3600 gregibus,
805 3530 838 3581 τά
857 3529 1001 3581 latrocinia
1017 3528 1202 3582 incubuerunt

112 3608 142 3644 se
159 3596 284 3651 finitimas
306 3602 431 3669 regiones
457 3608 486 3653 et
504 3601 584 3653 urbes
604 3602 786 3653 Romanorum
809 3602 908 3652 misere
927 3608 1068 3653 vexarunt.
1088 3600 1118 3651 in
1136 3600 1203 3670 qui·

112 3662 160 3716 bus
179 3685 244 3722 unus
263 3680 337 3733 erat,
359 3682 390 3724 ut
407 3672 536 3725 traditum
554 3680 595 3724 est
602 3708 769 3735 .......
788 3688 895 3740 genere,
914 3680 945 3723 ut
961 3670 1064 3733 dicunt,
1081 3687 1139 3722 non
1159 3670 1199 3723 its

111 3734 207 3791 illustri
239 3741 385 3807 oriundus,
409 3743 457 3794 sed
485 3760 500 3794 n
521 3744 623 3795 uirtute
642 3752 670 3797 et
686 3742 803 3796 strenuis
829 3739 996 3794 facinoribus
1012 3738 1124 3794 nobilis.
1141 3751 1201 3796 erat

113 3809 181 3890 enim
197 3811 315 3881 prudens
337 3823 367 3865 et
390 3822 543 3884 promptus,
564 3822 647 3884 atque
671 3814 701 3867 in
719 3812 836 3866 dicendo
854 3822 883 3867 et
900 3812 1005 3883 agendo
1022 3814 1104 3882 plane
1122 3828 1200 3881 egre-

112 3893 174 3943 gius.
198 3885 300 3937 exierat
322 3901 386 3953 grex
403 3886 461 3937 eius
480 3902 496 3935 e
516 3886 655 3957 provincia
665 3923 673 3950 ,
691 3886 736 3936 cui
753 3901 872 3937 nomen.
890 3919 898 3935 .
919 3919 963 3947 ..‚
983 3899 1123 3954 quumque
1140 3883 1201 3937 eius

112 3951 286 4017 prudentiam,
304 3958 433 4008 virtutem
445 3956 612 4009 etiustitism
631 3960 735 4008 'l'urcse
755 3955 880 4008 viderent
894 3954 1086 4025 audirentque,
1106 3972 1201 4009 omnes

111 4035 167 4073 eum
184 4041 238 4077 uon
254 4044 331 4077 secus
356 4035 438 4097 atqus
461 4028 513 4096 ipsi
529 4028 594 4079 socii
622 4028 680 4079 nius
707 4044 876 4097 summopere
894 4026 1037 4090 amabunt,
1063 4025 1199 4079 vereban-

112 4098 152 4143 tur
175 4104 202 4147 et
225 4098 374 4149 audiebant
398 4098 552 4170 diligenter.
577 4098 621 4149 bic
648 4096 734 4151 filiuni
753 4136 762 4152 .
781 4134 828 4153 ..,
851 4097 965 4161 babuit,
992 4098 1057 4167 qui,
1084 4106 1198 4166 paterno

112 4162 217 4235 inperio
235 4170 349 4239 potitus,
362 4168 441 4223 rebus
459 4169 584 4225 omnibus
602 4171 673 4241 patri
697 4169 794 4224 similis
810 4178 877 4236 erut,
895 4170 1028 4240 cuiusque
1045 4168 1132 4239 gloria
1148 4184 1198 4239 ρετ
