3042 4900
558 254 632 361 ua.
653 300 709 363 ιιι.
738 298 829 365 σιν.
848 304 888 365 v.
1158 285 1244 399 269

151 443 222 521 θείς
245 440 294 509 ὅτι
315 440 536 525 ῦπερίσχυσαν
568 445 596 511 οἱ
619 446 703 530 λόγοι
724 449 784 513 τοῦ
803 448 905 532 Σογάν
925 453 1039 535 ποσοῦ,
1059 455 1115 519 ναί
1130 458 1166 521 διε
1186 461 1245 525 τοῦ

152 544 276 629 φθόνου
297 532 422 625 ήθελεν,
446 544 477 607 εἰ
496 545 638 626 δυνατόν,
659 550 791 630 ποιήσαι
811 549 958 634 μηχανήν
973 552 1025 617 ἵνα
1046 552 1141 621 ου’δδν
1160 557 1243 640 πρί-

153 646 247 720 ξωσιν
282 638 364 705 nard
393 644 451 723 τῆς
467 639 595 719 πόλεως.
645 642 783 729 ἐμήνυσε
805 650 848 733 τῷ
868 652 999 728 βασιλεῖ
1013 648 1052 716 τοὶ
1074 656 1243 737 συμβάντα

153 742 208 804 καί
227 741 361 826 παρῄνει
376 738 474 805 αῦτῦν
491 738 538 825 μή
552 747 736 827 φοβεῖσθαι,
757 744 840 810 διότι
861 750 896 813 ἒν
914 756 981 826 τοῖς
993 754 1141 832 πολέμοις
1161 747 1243 841 ῦδη.

127 837 205 913 5λδς
226 836 311 903 ἐστιν
334 837 355 923 ἡ
374 838 457 923 τύχη
480 838 646 919 πολλάκις·
701 846 758 907 καί
779 842 832 907 διδ
853 850 948 911 τοῦτο
969 846 999 913 οἱ
1019 848 1159 935 φῦλαιιες
1178 878 1243 941 ιγν-

152 938 349 1001 λαττὲτωσοιν
369 936 545 1020 α’γρῦπνως.
602 932 642 1022 ήν
663 941 699 1005 δὲ
719 944 815 1007 τοῦτο
845 943 883 1030 τῇ
905 938 1024 1034 ἑβδόμη
1045 952 1101 1013 καί
1117 953 1243 1039 είκοστρῙ

152 1038 210 1099 τοῦ
229 1014 346 1152 Maipa}
368 1032 497 1125 ἱσπίρρ.
540 1038 560 1101 o‘
581 1041 617 1104 δὲ
634 1040 763 1124 α’μηροῖς
778 1041 957 1125 προστάξας
975 1049 1018 1112 δι’
1031 1042 1104 1133 ὅλης
1123 1053 1243 1135 ἐκείνης

152 1158 209 1215 της
231 1157 344 1208 νυκτος
364 1137 419 1198 καί
436 1139 493 1219 τῆς
509 1137 659 1221 ἐπιούσης
678 1138 799 1224 ἡμέρας
817 1144 909 1227 peirn
930 1145 986 1209 καί
1006 1146 1128 1231 φανοῦς
1149 1148 1241 1234 ποιή-

152 1256 243 1311 σωσι,
266 1232 323 1297 καί
341 1234 464 1318 νήστεις
478 1238 520 1299 δι’
542 1233 614 1320 ὅλης
634 1240 690 1320 τής
717 1238 838 1324 ἡμέρας
851 1242 1053 1309 διατελέσωσι
1073 1246 1128 1311 καί
1145 1244 1241 1313 ἐπτοί-

113 1354 200 1407 ιοιιις
220 1336 405 1413 λονσθοῦσι,
435 1333 491 1397 καί
508 1338 567 1399 τοῦ
582 1336 663 1399 θεοῦ
683 1334 808 1419 νήστεις
827 1342 883 1404 καί
903 1344 1044 1425 καθαροί
1063 1346 1240 1429 δεηθῶσιν,

152 1428 238 1505 ὅπως
265 1428 322 1515 τήν
353 1427 445 1495 πόλιν
472 1435 657 1515 νικήσωσιν·
700 1432 793 1500 διαί
813 1438 943 1520 ἐγένετο.
986 1442 1026 1529 τῇ
1047 1444 1083 1507 δὲ
1106 1446 1241 1535 δευτέρᾳ

151 1524 286 1613 ἑσπέρας
309 1528 364 1594 ε’πί
388 1529 448 1614 τήν
478 1532 571 1615 ήλίου
602 1536 695 1599 δυ’σιν
718 1536 800 1615 μετὰ
830 1534 867 1602 τὸ
890 1538 1060 1624 σῖριστήσαι
1082 1537 1241 1621 αῦτοῦςδ

151 1620 210 1694 οῦν
239 1630 364 1714 α’μηρῦς
392 1630 520 1706 σταθείς
541 1634 730 1716 δημηγορῶν
759 1636 862 1699 ταῦτα
884 1634 956 1724 ἔφη.
1011 1642 1061 1725 (5)
1078 1634 1127 1705 “ol
1148 1646 1241 1709 τίιινα

151 1724 305 1813 φίλτατα,
335 1727 421 1813 παριὲ
443 1734 501 1795 τοῦ
521 1734 600 1795 θεοῦ
619 1733 674 1795 καὶ
702 1736 760 1797 τοῦ
781 1734 880 1799 αῦτοῦ
900 1728 1063 1823 ιεήοφήτου
1085 1740 1242 1823 Μωοίμιθ

109 1827 205 1893 rixae*
224 1830 305 1907 ἐμοῦ
324 1830 381 1891 τοῦ
407 1825 524 1892 δοῦλον
546 1830 649 1893 ου’τοῦ
677 1833 791 1912 δέομαι
813 1831 868 1897 καί
885 1839 1060 1919 παρακαλῶ
1079 1834 1165 1919 ῦμιῖς
1186 1840 1239 1907 ἵνα

151 1924 205 1991 ἐπί
224 1924 282 2010 τήν
300 1916 412 2011 αῦριον
432 1920 519 2005 ῦξιον
542 1924 633 2010 ἔργον
647 1929 774 2014 μνήμης
789 1931 919 1996 αἰωνίου
939 1932 1097 2019 ποιήσητε,
1120 1932 1164 2012 ῦς
1185 1942 1240 2005 κατ’

151 2021 182 2088 οἱ
201 2024 264 2109 πρὸ
284 2021 374 2107 ήμοῦν
395 2030 559 2109 πανταχοῦ
571 2030 631 2102 ἕως
650 2034 709 2091 τοῦ
719 2032 787 2109 νῦν,
810 2030 852 2105 οῦς
864 2026 1002 2117 φανερόν
1022 2036 1117 2117 ἐστιν,
1131 2036 1240 2120 ἐποίη-

149 2147 222 2204 σαν,
240 2123 297 2187 καί
311 2121 395 2205 μετὰ
415 2128 599 2207 προθυμίας
619 2124 675 2191 καί
690 2128 904 2214 γενναιότητος
923 2129 980 2195 καί
997 2136 1239 2217 μεγαλοψυχίας
1356 2190 1362 2197 .

149 2221 222 2298 τοῦς
240 2226 368 2305 τείχους
398 2216 521 2289 ἄνωθεν
549 2224 713 2305 μετὰτῶν
734 2228 894 2308 κλιμάκων
915 2228 958 2305 οἷς
980 2236 1133 2315 πτερωτοί
1151 2236 1236 2297 δείλ-

104 2326 243 2405 εοθητε·
284 2329 339 2387 καί
359 2321 415 2407 τήν
438 2322 547 2408 φήμην
569 2320 606 2407 ήν
627 2320 656 2389 οἱ
677 2324 738 2408 πρὸ
760 2326 860 2410 ήμιῦν,
882 2326 925 2403 ὥς
944 2326 1084 2411 εἴπομεν,
1106 2332 1235 2414 ἐκέρδη-

148 2446 208 2486 σαν
229 2422 284 2487 ιιοιί
303 2422 321 2486 δ
341 2420 418 2498 θεὸς
437 2421 619 2505 ἐχαρίσατο,
639 2422 684 2509 μή
704 2428 825 2508 γένοιτο
844 2426 897 2492 ἵνα
920 2424 1010 2510 ἡμεῖς
1031 2427 1235 2511 α’τιολὲοωμεν

147 2519 259 2605 ον’τήν,
283 2521 364 2588 α’λλιὲ
390 2526 530 2604 μάλιστα
561 2527 619 2588 νῦν
648 2523 666 2608 ή
699 2521 768 2610 οῦρα
792 2517 914 2609 ήγγιιιεν
933 2525 985 2591 ἵνα
1006 2521 1108 2610 αῦτήν
1133 2534 1233 2594 πολυ-

214 2735 241 2784 9.
262 2719 311 2771 καὶ
328 2716 388 2771 ἱππ.
407 2745 442 2756 -
462 2714 616 2781 νικήσωσιν
634 2733 677 2768 orn
694 2719 715 2768 P
806 2721 844 2772 ιλ.
865 2711 896 2792 ai]
919 2716 956 2780 ὥς
975 2715 1004 2771 Μ
1096 2723 1135 2790 14.
1153 2713 1231 2794 νεαροὶ

217 2805 259 2836 um
278 2787 298 2838 P
369 2803 425 2854 .ιγ.
445 2783 567 2852 δήλόνΡ

146 2964 235 3034 Sogan
254 2963 345 3033 pariae
363 2963 498 3016 sententia
515 2964 719 3032 praevaluisset,
737 2964 935 3034 constituitque
955 2975 988 3015 ex
1006 2961 1125 3028 invidia,
1143 2973 1188 3028 ut,
1208 2967 1230 3019 ai

143 3044 245 3120 postet,
263 3034 424 3104 impediret,
450 3051 486 3085 ne
512 3034 581 3104 quid
597 3035 761 3104 proficerent
785 3035 912 3087 advertus
938 3032 1042 3086 urbem.
1072 3035 1232 3103 significavit

142 3103 860 3246 tulliat?‘litii¹:222,‚5'tltl‘zzllz
873 3111 1231 3244 ‘siffzlzlztiult

142 3245 270 3300 excubiae
289 3246 432 3316 pervigilet
455 3255 575 3314 agerent.
601 3246 730 3314 agebatur
754 3244 808 3298 hoc
831 3260 942 3314 vespera
969 3245 1089 3296 vicesimi
1122 3247 1231 3316 eeptimi

142 3319 198 3370 diei
215 3319 315 3369 menei·
333 3317 407 3369 Maii.
427 3333 528 3368 ameraa
545 3318 695 3386 imperarit,
709 3325 741 3367 ut
758 3333 810 3386 per
827 3323 913 3367 totam
934 3329 992 3366 earu
1010 3323 1117 3366 noetern
1136 3327 1165 3368 et
1182 3334 1229 3371 ee-

141 3399 272 3460 quentem
289 3387 361 3439 diem
379 3387 454 3456 ignee
466 3389 592 3457 facesque
610 3386 744 3449 arderent,
762 3386 863 3438 milites
883 3393 942 3437 toto
963 3383 1008 3437 die
1025 3385 1180 3441 ieiunarent
1198 3397 1228 3442 et

143 3461 298 3512 lavarentur
316 3475 344 3509 ae
365 3459 426 3520 tien,
445 3457 575 3510 aculeum
594 3458 678 3510 ieiuni
696 3458 801 3528 lotique
820 3455 980 3525 suppliciter
1000 3466 1124 3524 rogarent
1142 3473 1228 3528 expu-

140 3531 299 3598 gnationem
318 3475 400 3580 uritis.
424 3529 463 3580 ita
481 3545 564 3599 quum
583 3527 683 3581 facturn
703 3536 781 3591 earet,
801 3527 886 3580 altera
904 3541 1016 3595 vespera
1034 3527 1084 3578 auh
1103 3544 1227 3582 οοσιιυτιτ

140 3602 207 3653 aelia
223 3608 287 3670 post
303 3599 446 3668 prandium
465 3615 568 3651 amera·
585 3599 666 3650 talem
684 3599 720 3650 ad
737 3599 838 3651 militet
859 3599 1017 3649 concionem
1037 3597 1141 3652 habuit.
1177 3599 1228 3672 (5.)

138 3671 217 3724 “filii
235 3671 421 3735 dilectissimi,
447 3685 497 3740 per
514 3669 594 3722 deum
612 3677 641 3721 et
656 3669 847 3731 innumeram,
865 3667 1026 3737 proplietam
1044 3670 1112 3734 eine,
1131 3677 1159 3722 et
1177 3686 1228 3734 nae,

140 3741 265 3794 einedem
284 3757 399 3803 servum,
416 3741 527 3793 ubaeero
544 3757 592 3792 vot
610 3738 774 3810 hortorque,
794 3747 826 3792 nt
842 3739 958 3790 creetino
977 3737 1022 3790 dle
1041 3755 1096 3790 rem
1114 3756 1227 3810 peraga-

137 3815 175 3866 tia
192 3813 315 3864 omnium
326 3811 495 3863 saeculorum
504 3812 632 3862 memoria
648 3809 772 3879 dignuin,
785 3807 879 3880 quales
899 3809 933 3860 ad
950 3807 1022 3860 hunc
1049 3825 1134 3879 usque
1154 3809 1227 3864 diean

138 3885 257 3936 maiores
281 3890 389 3933 noatrae
415 3880 503 3934 ubiria
527 3882 622 3934 fecitte
651 3889 775 3943 coartat,
798 3889 827 3932 et
849 3879 951 3944 alacri,
968 3893 1098 3948 generoso
1116 3888 1145 3933 et
1161 3881 1227 3936 farti

138 3957 230 4007 aniano
248 3953 358 4004 moenia
372 3967 421 4020 per
437 3952 522 4003 scalea
543 3959 671 4021 tanquam
698 3951 777 4002 alitee
797 3949 957 4011 escendatie,
975 3965 1043 4000 neve
1059 3950 1178 4014 accidat,
1195 3963 1227 4006 ut
1333 3981 1336 3986 ’

139 4025 260 4095 glorianit
281 4040 297 4073 a
315 4021 470 4083 maioribus,
490 4030 521 4073 ut
536 4021 601 4084 (lini,
620 4022 770 4090 quaesitam
784 4028 812 4072 et
831 4035 846 4070 a
863 4019 915 4072 deu
934 4019 1070 4084 donatam,
1087 4037 1137 4074 noa
1154 4039 1226 4076 aune

137 4098 311 4157 amittamus,
338 4107 421 4161 quum
446 4091 544 4143 eximie
561 4090 699 4159 augendae
727 4092 785 4143 eiua
807 4099 915 4158 ternpua
940 4087 1034 4141 edait''
1053 4091 1112 4144 aliie
1132 4094 1225 4146 multia

136 4165 244 4218 bellicis
262 4163 344 4216 diutia
356 4160 391 4213 ad
401 4161 589 4214 fortitudinem
603 4160 813 4214 eotcolaortatua
830 4168 881 4223 eet,
898 4168 930 4212 ut
938 4173 1046 4213 strenue
1062 4173 1222 4233 pugnarent.
