3042 4900
1164 45 1173 74 Ι

438 281 511 340 uu.
527 281 568 340 ιι.
598 276 687 342 cao.
708 281 747 340 ι.
1101 254 1174 356 ιίι

96 432 236 516 ύύελφας
259 431 316 492 ταί
336 426 371 492 ὃν
386 429 615 511 ἐμνηστεύσατο
631 429 677 502 εἰς
696 421 799 514 ύνύρα
822 423 890 509 ἅμα
913 436 978 508 τοῖς
994 434 1109 514 παισί,
1130 431 1185 497 ταί

97 531 278 594 ἀπελθοῦσα
298 528 343 604 είς
366 529 597 610 Θεσσαλονίκην
614 536 719 609 γε’γονε
739 525 886 611 μοναχῆ,
915 532 971 594 καί
985 531 1020 596 ἐν
1040 531 1184 617 ὑποταγῇ

97 630 193 714 αύτῆς
214 626 255 711 δη
284 630 339 712 τῆς
358 626 448 704 ύσίας
475 619 601 690 κάκεῖσε
621 627 831 706 α’πομείνασα.
877 629 1024 694 ια’κεΐθεν
1043 632 1078 696 δὲ
1098 633 1184 710 ἔξελ-

98 732 210 792 θούσαι
231 723 266 792 αἱ
289 735 372 811 τρεῖς
394 725 449 790 καί
464 721 562 807 μόναι
582 727 616 788 ύν
635 729 676 812 τῇ
698 730 942 792 Κωνσταντίνου
964 729 1053 794 πόλει
1075 728 1183 816 κατὴν·

75 837 191 911 ὄνησαν
218 828 308 914 α’ρχῇ
333 829 368 890 ἐν
398 829 437 911 τῇ
464 828 547 913 μονῇ
575 827 613 912 τῇ
640 828 896 914 ἐπονομαζομένη
924 831 980 912 τῆς
1010 833 1183 913 Κλερὲνας.

99 928 281 990 ύιαδοθεῐσα
313 928 348 990 δὲ
377 919 514 1009 ἧύρετὴ
536 927 591 1008 τῆς
618 922 709 1002 ὁσίας
732 923 827 1008 ναίὴ
850 929 895 1004 εἰς
915 923 973 1010 τήν
993 931 1087 994 θείαν
1105 953 1184 1014 γρα-

99 1023 159 1110 φήν
180 1027 279 1108 αύτῆς
304 1027 453 1107 ἐμπειρία
480 1021 526 1099 εἴς
545 1048 581 1088 τε
600 1021 655 1090 τὸν
680 1027 816 1106 βασιλέα
839 1029 894 1090 καί
913 1028 1111 1112 πατριάρχην
1130 1031 1187 1094 καί

98 1127 210 1201 πάντας
230 1123 305 1200 τούς
324 1127 381 1207 τῆς
400 1123 539 1206 πόλεως,
560 1121 578 1186 si
602 1125 661 1203 μὲν
685 1121 836 1202 βασιλεύς
857 1123 959 1208 ἐζήτει
981 1131 1090 1208 λαβεῖν
1108 1119 1184 1194 ἄλλο

98 1228 158 1289 τιύν
183 1224 403 1307 μοναστηρίιον
434 1221 616 1307 μειζύτερον
645 1221 702 1288 καί
722 1225 1045 1310 εἰσοδηματιιιούτερον
1072 1228 1186 1294 trusos

64 1321 176 1413 ιοαύτῇ
185 1374 196 1406 ,
231 1319 248 1388 ὅ
270 1325 306 1388 δὲ
322 1322 520 1406 πατριάρχης
546 1317 685 1404 ἕνταλμα
711 1328 946 1408 πατριαρχικῆς
965 1327 1110 1404 ἐξουσίας
1124 1329 1186 1402 &Eis

100 1427 193 1489 δοντεν
221 1425 267 1498 εἷς
294 1422 350 1498 τὰς
385 1422 581 1505 βουλομένας
608 1425 666 1505 τῆς
694 1418 815 1499 πόλεως
840 1432 991 1504 γυναῖκας
1019 1430 1187 1508 προσιέναι

101 1522 194 1610 ούτῇ,
215 1523 244 1587 οἱ
268 1523 379 1604 δύτης
398 1523 519 1596 πόλεως
539 1511 654 1604 ἤθελον
676 1522 789 1585 δούναι
810 1521 922 1596 αύταῖς
941 1525 1004 1588 πᾶν
1018 1526 1188 1608 α’ναγιιαῖον

100 1624 142 1697 εἰς
162 1623 196 1688 τύ
214 1624 458 1688 ἐπισκέπτεσθαι
479 1618 534 1684 καί
552 1619 744 1704 θεραπεύειν
769 1618 808 1685 τύ
829 1619 909 1704 πρὸς
925 1627 1038 1706 χρείαν
1059 1625 1185 1690 αύτούν·

101 1717 158 1805 oriyv
177 1709 319 1805 ὑπῆρχεν
339 1717 401 1804 γὰρ
432 1718 566 1795 ἐκείναις
587 1712 661 1784 ούτε
685 1711 917 1802 χρύσιόνόύτε
939 1721 1110 1808 σ’ργύριον,
1131 1726 1188 1790 ούιι

67 1814 173 1894 ι5ύλλο
192 1847 223 1887 τι
244 1824 276 1885 εἰ
291 1817 337 1905 μὴ
356 1819 391 1886 τύ
412 1818 595 1902 ε’ρμὸχειρον
619 1817 709 1902 καὶῆ
731 1823 788 1882 τοῦ
810 1821 887 1884 θεοῦ
909 1819 963 1884 διὰ
983 1823 1048 1888 τῶν
1069 1825 1188 1906 α’ρχύν-

102 1946 160 1986 τιον
178 1919 371 2005 προμήθεια.
424 1920 570 2000 λαβοῦσα
603 1919 640 1982 δὲ
660 1914 776 2002 μικρόν
794 1941 826 1983 τι
844 1917 1008 2002 κύθισμα,
1033 1925 1189 2004 σννέδρα·

103 2045 155 2100 μον
182 2023 226 2097 είς
254 2016 415 2102 ύποταγην
444 2018 543 2101 αὐτῆς
571 2019 727 2082 τοσαῦται
754 2010 830 2082 ύσαι
862 2018 920 2080 ουἰι
946 2015 1112 2105 ἐχώρησαν
1143 2019 1189 2100 είς

103 2145 132 2184 τε
151 2119 204 2204 την
225 2122 285 2185 τού
309 2115 413 2200 Λιβύς
439 2114 538 2201 μονήν
568 2115 624 2181 καί
642 2119 697 2200 τῆς
720 2119 820 2198 κσριῖς
842 2115 1000 2202 Μάρθας.
1049 2114 1069 2202 ἢ
1093 2122 1128 2186 δὲ
1149 2119 1190 2186 ου’

104 2224 220 2295 πλειους
239 2216 463 2303 ἢδιιοκαίύεκα
479 2217 713 2300 προσελάβετο·
755 2218 812 2280 καί
832 2209 914 2302 η’σαν
929 2221 1075 2284 τοιαύται
1094 2217 1140 2298 εἴς
1153 2244 1189 2286 τε

69 2314 315 2405 ιοιῖκτημοσύνην
336 2320 391 2382 καί
409 2315 554 2400 ύπαιιοὴν
574 2314 632 2381 καί
649 2312 862 2402 σωφροσύνην
881 2320 938 2382 καί
960 2318 1023 2384 πᾶν
1040 2316 1076 2383 εἴ
1090 2343 1123 2384 τι
1144 2322 1190 2398 εἰς

173 2576 194 2611 ,,
211 2554 328 2610 naam?
381 2548 576 2621 salvinum?
631 2549 875 2605 θ-διασιύσασαΡ
943 2573 968 2625 9.
990 2552 1190 2629 σοδιύτερονΜ

175 2647 213 2681 10,
231 2644 317 2697 πατρ.
339 2619 371 2679 τὸ
400 2621 502 2677 δοῦναι
520 2620 589 2695 αὐτῇ
612 2623 734 2695 ἔνιαλμα
751 2626 943 2695 πνευματικῆς
963 2628 1091 2688 ἐξουσίας
1108 2632 1146 2685 εἰς
1162 2628 1191 2679 Μ

174 2691 507 2770 n.yura11oe‚ololtis
523 2694 689 2752 uolturios
706 2694 819 2765 ἔρχηται
835 2696 875 2755 εἰς
891 2690 1191 2753 sicutnumerus

175 2788 213 2839 ιη.
231 2767 303 2892 δρας
315 2766 366 2823 oriz
385 2762 526 2837 ἐχύρησεν
541 2762 557 2830 ἥ
573 2780 604 2817 τε
617 2757 691 2837 μονὴ
708 2765 758 2818 τοῦ
776 2760 858 2835 λοβὸς
873 2770 921 2821 καί
938 2769 985 2835 τῆς
1000 2774 1099 2844 κυρίας
1113 2768 1192 2844 μύρ-

171 2846 225 2902 θαι

111 3036 242 3090 iulenuo
270 3044 328 3089 torn
357 3039 416 3086 erat
432 3050 498 3085 ιτιιε
526 3048 603 3084 meus
629 3047 690 3083 eum
718 3044 803 3083 uxore
830 3040 859 3084 et
883 3030 986 3085 liberis.
1021 3034 1060 3085 ita
1099 3050 1115 3086 e
1142 3052 1192 3087 na.

110 3117 138 3159 tu
159 3111 271 3160 maxima
301 3105 418 3157 tiliarum
439 3105 498 3156 eius
529 3119 613 3175 quum
637 3110 759 3154 sanctam
786 3102 857 3154 hauc
875 3102 1003 3165 feminam
1031 3104 1057 3155 vi
1078 3106 1144 3158 isset
1165 3114 1194 3158 et

112 3179 269 3233 observasset
296 3178 426 3228 virtutem
453 3177 511 3227 eius
537 3190 569 3226 ae
594 3190 762 3238 sermonem,
798 3172 900 3225 relictis
935 3173 1108 3243 parentibus,
1138 3174 1194 3229 sra-

112 3250 206 3315 tribus,
226 3247 382 3311 sororibus,
409 3254 437 3297 et
463 3260 580 3315 quocum
607 3246 754 3295 coniuncta
780 3252 838 3295 erut
854 3244 1064 3315 marit0,ntque
1082 3246 1195 3313 liberis,

112 3320 323 3373 Thessalonicam
347 3316 485 3387 prosecta,
512 3314 651 3367 monachis
675 3332 704 3366 ιε
724 3314 870 3385 adscripsit
887 3312 983 3385 ibique
1001 3315 1052 3367 sub
1073 3318 1195 3389 imperiis

112 3402 209 3446 sanctae
226 3392 307 3443 huius
332 3384 453 3439 mulieris
477 3386 553 3439 vixit.
584 3384 648 3437 inde
675 3385 727 3437 hae
753 3390 809 3437 tres
836 3386 911 3438 solae
938 3386 1044 3457 Cpolioa
1061 3390 1195 3459 emigran-

113 3471 149 3514 tes
165 3464 294 3534 principio
311 3461 341 3512 in
352 3458 546 3511 monasterium
558 3456 692 3510 clerenae
709 3466 852 3509 venerunt.
869 3474 953 3527 quum
974 3466 1063 3511 autem
1084 3470 1194 3515 sauctae

114 3534 181 3587 illios
208 3534 324 3585 feminus
350 3531 435 3581 virtus
454 3536 483 3580 et
507 3528 659 3582 litterarum
686 3544 819 3579 sacrarum
852 3526 951 3598 peritia
984 3530 1141 3599 imperatori
1167 3541 1196 3585 et

114 3604 291 3675 patriarchae,
316 3602 515 3670 universaeque
551 3598 655 3651 civitati
681 3599 863 3663 innotuisset,
894 3599 1041 3669 imperator
1065 3602 1091 3653 ei
1119 3602 1195 3654 aliud

114 3677 190 3727 nasius
206 3684 234 3728 et
249 3672 415 3742 locupletius
434 3671 628 3722 monasterium
645 3667 716 3720 tradi
734 3670 829 3732 iussit,
849 3665 1002 3739 patriarcha
1021 3670 1196 3741 patriarchali

116 3748 263 3799 auctoritate
293 3742 435 3804 omnibus,
461 3756 532 3811 quae
557 3739 678 3803 vellent,
696 3738 772 3791 urbis
789 3739 948 3793 mulieribus
967 3750 1128 3811 potestatem
1146 3748 1195 3797 de·

117 3817 160 3880 dit,
175 3816 215 3869 illi
227 3834 255 3869 se
269 3812 439 3884 aggregandi,
456 3814 528 3864 cives
546 3827 616 3882 quae
638 3818 730 3863 essent
746 3812 896 3863 necessaria
915 3810 950 3863 ad
969 3830 1011 3865 res
1030 3812 1196 3869 ordinandas

119 3898 143 3939 et
157 3884 375 3939 administrandas
394 3891 529 3953 praestare
541 3882 574 3932 iis
586 3880 723 3932 volebant.
739 3897 831 3951 neque
850 3882 922 3934 enim
935 3880 991 3935 illis
1009 3892 1068 3935 erat
1085 3886 1128 3937 sel
1147 3904 1195 3939 au·

118 3976 187 4021 rum,
204 3960 246 4009 sel
264 3964 419 4026 argentum,
434 3952 479 4006 vel
497 3952 573 4004 uliud
590 3950 740 4021 quidquam
757 3953 811 4003 nisi
829 3968 897 4022 opus
914 3970 1043 4005 manuum
1055 3964 1082 4007 et
1103 3955 1196 4010 divino

119 4044 162 4097 per
177 4031 344 4098 magistratus
391 4023 551 4076 residentia.
575 4023 685 4091 itaque,
704 4038 787 4091 quum
811 4040 867 4075 non
887 4026 924 4076 ita
944 4024 1063 4094 amplum
1081 4026 1197 4081 domici-

120 4098 178 4150 lium
194 4100 320 4161 haberat,
345 4043 387 4147 arf
404 4096 486 4147 vitam
506 4110 539 4146 ex
562 4092 676 4163 imperio
696 4094 753 4145 eius
772 4094 903 4161 agendam
930 4102 971 4149 tot
988 4096 1196 4166 confluxerunt,

121 4178 181 4239 quot
195 4188 249 4224 ιιοιι
277 4173 466 4223 concesseruut
492 4165 522 4219 iu
547 4163 740 4218 monesterium
770 4164 845 4219 libis
868 4174 897 4219 et
916 4164 1040 4220 Marthae
1061 4168 1194 4223 dominae.
