3042 4900
327 244 414 362 2178
670 270 846 337 toruum
876 272 1067 339 ciuiuus

329 446 393 487 των
412 412 462 484 ότι
481 414 608 504 ἡπόλις
635 417 799 504 ίπρόκεετο
819 415 899 504 ’παρ’
930 422 1019 503 ἡμῶν
1035 422 1331 503 οἵχμολωτισθῆνοο
1342 472 1352 503 ,
1371 420 1414 497 τίς

329 518 363 585 οἱ
392 520 491 605 σοφοί
506 520 561 601 τῆς
591 522 737 601 Περσίας
771 522 816 595 είς
850 518 905 584 τόν
931 520 1039 601 καιρὸν
1066 522 1120 583 τοῦ
1146 516 1300 599 Modus&
1334 524 1412 603 ἑψῆ.

331 615 519 705 φοφόρῆσαν
546 616 620 701 περί
638 615 779 701 τοότοο,
808 620 863 682 καί
882 611 976 701 εὖρον
1004 615 1055 683 ότι
1075 620 1119 694 είς
1140 616 1174 682 τό
1196 615 1265 693 ἔτος
1285 621 1342 683 καί
1359 618 1412 683 τόν

330 722 416 801 μῆνα
436 715 492 781 καί
509 712 567 799 τῆν
594 716 715 801 ἡμέραν
736 714 853 803 ταύτης
878 722 931 803 τῆς
958 712 1045 801 εόρας
1068 716 1087 801 ἡ
1121 714 1208 792 πόλις
1226 724 1304 803 παρ’
1328 718 1414 802 ἡμῶν

330 813 495 899 πρόκειται
514 818 721 899 κρατηθῆναι.
773 820 828 881 καί
850 814 958 897 ἔμελλε
977 819 1069 882 τοῦτο
1088 818 1235 900 γενέσθαι
1258 814 1340 880 κατὰ
1359 814 1440 900 arias

331 912 541 996 όόναμιντοόν
561 914 701 1000 οίστίρων
722 914 778 980 καί
796 913 853 999 τῆν
876 919 989 1001 τέχνην
1010 917 1073 980 τοῖν
1102 916 1316 999 ἀστρονόμων.
1349 914 1412 1001 α’μῆ

329 1015 349 1099 ἡ
373 1022 506 1099 γυναῖκα
524 1016 625 1098 ίκείνῆ
656 1013 676 1098 ἡ
704 1012 778 1091 trra
808 1018 952 1100 φοροῦσα
979 1011 1035 1079 καί
1052 1018 1268 1100 περιπατοόοα
1287 1016 1345 1079 τοῦ
1362 1011 1416 1079 τό·

330 1136 429 1197 στροο
451 1114 505 1179 κοί
522 1115 584 1178 τόν
604 1104 839 1197 προμαχὶονελον
852 1114 957 1179 ἐπάνω
979 1114 1110 1199 α’φόβως
1130 1115 1187 1177 rod
1201 1115 1340 1195 πολέμου
1360 1113 1416 1197 τῆν

332 1208 434 1296 όόραν,
464 1216 565 1297 ε’κείνῆ
597 1212 768 1295 οἷντίπραξε
790 1212 847 1289 τοὶς
879 1210 1029 1294 δυνάμεις
1052 1215 1115 1277 τοῖν
1137 1206 1261 1295 ἄστρων
1283 1212 1339 1276 καί
1359 1212 1416 1295 τῆν

330 1316 442 1396 τέχνην
461 1317 522 1377 τοῖν
542 1308 752 1395 ἀστρολόγων.
796 1310 876 1395 πλῆν
904 1307 961 1376 οὖν
983 1310 1043 1375 ἀπὸ
1063 1315 1120 1396 γῆς
1142 1314 1217 1377 esus
1237 1315 1270 1389 ἐξ
1289 1310 1412 1395 οίνθροί-
1425 1330 1456 1372 ro

298 1431 400 1485 υπων
417 1411 474 1495 τῆν
498 1409 633 1492 δύναμιν
650 1404 750 1493 εἶχεν,
783 1409 854 1475 ἄλλ’
874 1414 908 1490 ἐξ
929 1414 1066 1494 οὐρανοῦ
1083 1411 1138 1477 καί
1159 1408 1295 1495 αόρότοο
1318 1412 1412 1476 dord-

329 1535 426 1591 μεως.
476 1506 592 1591 ὁμοίως
617 1512 674 1574 καί
709 1507 749 1573 τό
780 1510 1001 1592 στρατεύματα
1033 1510 1138 1575 πάντα
1167 1513 1231 1576 τοῖν
1267 1508 1413 1594 Τοόρκων

328 1608 602 1694 ίοονεμαρτόροον
630 1608 766 1691 ἐνόρκως
797 1608 852 1675 τόν
871 1611 1061 1695 Μηρσοίτην
1087 1612 1221 1690 ἐκεῖνον,
1251 1609 1307 1675 καί
1328 1612 1413 1691 ἐδιῆ.

328 1713 439 1793 yorinu
459 1708 535 1792 πρὸς
553 1708 670 1784 πάντας
684 1703 735 1774 ότι
754 1710 814 1775 τοῦ
828 1710 965 1791 πολέμου
987 1708 1044 1793 τῆν
1063 1702 1160 1794 οόραν,
1180 1702 1255 1773 όταν
1272 1712 1315 1791 μὲ
1334 1708 1412 1795 θρό-

331 1831 408 1884 σους
428 1807 483 1871 καί
501 1806 602 1892 όρμῆς
621 1808 800 1893 οἷκρατῆτοο
817 1805 965 1894 ἔφθασαν
974 1811 1019 1884 εἰς
1030 1806 1070 1873 τό
1085 1813 1173 1893 τείχη
1186 1810 1245 1873 rori
1263 1808 1411 1893 αόστροο,
1423 1814 1453 1879 15

331 1910 385 1973 ἵνα
406 1910 567 1989 α’ναβῶσιν
595 1908 702 1975 dudum
735 1912 792 1975 καί
820 1905 957 1988 tantors
979 1907 1054 1985 τούς
1082 1908 1260 1990 Ῥωμαίους
1288 1911 1344 1973 καί
1361 1907 1413 1991 τῆν

330 2006 424 2071 πόλιν
444 2007 710 2089 οίχςωλωτισοον,
731 2008 803 2075 τότε
825 2002 908 2073 εἶδον
927 2016 1061 2091 γυναῖκα
1081 2006 1153 2086 ὀξέα
1173 2006 1274 2091 §crixo
1297 2008 1414 2093 φοροῦ·

331 2130 393 2173 σαν
411 2104 467 2172 καί
484 2108 718 2189 περιποιοῦσαν
738 2108 843 2173 ίπόνω
865 2110 928 2173 τῶν
948 2106 1182 2189 προμοχιονίων
1202 2110 1262 2171 τοῦ
1282 2102 1344 2184 ἔξω
1362 2103 1415 2169 κό-

330 2228 441 2288 στροο.
482 2209 537 2271 καί
556 2203 672 2291 ταύτην
698 2202 826 2289 ἰδόντες,
847 2207 954 2282 σκότος
976 2210 1032 2271 καί
1053 2205 1131 2291 {atq
1153 2208 1209 2271 καί
1226 2204 1344 2289 τρόμος
1364 2202 1416 2269 τοί

332 2304 433 2393 φόβος
454 2298 548 2392 όφνω
574 2308 621 2383 εἰς
651 2306 709 2382 τός
738 2303 849 2389 ψυχός
877 2308 1006 2390 εἰσῆλθε
1028 2301 1243 2387 edendorum,
1265 2302 1455 2389 antoniano

333 2404 437 2492 φογῆν
460 2403 609 2489 ἔβλεψαν,
629 2409 684 2472 καί
709 2409 755 2481 είς
785 2404 921 2486 πόλεμον
947 2400 1021 2472 odili
1050 2398 1138 2484 όλως,
1163 2406 1219 2470 καί
1237 2402 1300 2470 dud
1323 2400 1415 2470 durd-

333 2501 417 2583 μεοός
435 2529 469 2570 rs
488 2507 674 2592 unissime.
692 2507 749 2588 τῆς
759 2502 908 2590 γυναικός
926 2503 987 2590 γὰρ
1009 2503 1126 2589 ἐκείνης
1146 2503 1259 2585 ἔλαβον
1277 2501 1334 2586 τῆν
1353 2506 1414 2568 δει-

235 2621 265 2677 Ρ.
280 2609 414 2697 imitor,
436 2607 491 2670 καί
515 2605 722 2691 ἠλευθερώθη
747 2601 768 2691 ἦ
789 2605 890 2684 πόλις.
941 2607 1062 2689 ἐγένετο
1084 2606 1242 2672 δὲταῦτα
1263 2601 1342 2670 rard
1363 2598 1415 2667 τόν

333 2886 388 2931 stes
405 2886 489 2948 etque
507 2874 651 2932 ddrersarii
661 2884 747 2934 nostri
765 2881 817 2934 bos
828 2883 984 2935 testimonio
1003 2900 1051 2934 sno
1072 2879 1312 2942 constabiliverint,
1332 2878 1413 2932 multo

332 2951 500 3002 verissimum
509 2959 551 3004 est
560 2951 612 3002 boc
623 2953 805 3005 sanctissimae
820 2955 929 3022 virginis
939 2953 1106 3007 miraculum.
1123 2967 1240 3022 namque
1253 2951 1378 3002 Mersaita
1388 2958 1413 3001 et

332 3021 485 3090 patriarcha
503 3022 650 3074 Turcarum
670 3023 819 3080 affirmabat
835 3027 1001 3094 propositam
1018 3033 1084 3076 tuuc
1102 3024 1157 3075 illis
1176 3023 1259 3074 fuisse
1281 3023 1412 3074 civitatem

332 3091 367 3144 ad
384 3092 522 3162 praedam,
537 3094 764 3164 quemadmodum
782 3095 832 3146 riri
847 3095 919 3148 docti
931 3097 1025 3147 Persae
1044 3104 1132 3147 aetate
1144 3091 1310 3145 Mahometbi
1329 3092 1414 3143 caleu-

331 3161 462 3227 laverant,
479 3165 694 3237 invenerantque
717 3165 770 3218 hoc
790 3182 860 3218 anno
885 3183 976 3218 mense
1005 3165 1116 3236 dieique
1135 3164 1200 3216 hora
1219 3163 1313 3215 urbem
1332 3179 1347 3214 a
1366 3179 1413 3216 no-

331 3233 375 3285 bis
393 3233 583 3288 debellandum
618 3253 691 3303 τωο,
716 3245 744 3290 et
770 3237 890 3290 futurum
914 3237 943 3288 id
973 3246 1031 3289 erat
1058 3235 1168 3288 omnino
1192 3243 1324 3286 astrorum
1342 3235 1368 3285 vi
1388 3240 1413 3284 et

332 3312 545 3358 astronomorum
558 3307 687 3373 artifici03
705 3306 752 3361 sed
768 3308 909 3360 mulierem
924 3307 997 3360 illam
1013 3307 1139 3358 violaceis
1152 3304 1273 3358 vestibus
1286 3307 1412 3366 amictam

332 3391 382 3446 per
399 3384 515 3428 castrum
532 3376 752 3431 obambulantem
781 3387 809 3430 et
835 3395 915 3448 super
944 3376 1144 3450 propugnacula
1173 3374 1328 3445 intrepide,
1355 3375 1413 3426 dum

332 3462 423 3516 pugna
442 3447 535 3511 initur,
554 3448 606 3500 vim
618 3457 748 3502 astrorum
767 3449 906 3502 obtudiare
918 3459 946 3502 et
960 3448 1154 3516 astrologorum
1173 3447 1303 3510 artificiaq
1323 3463 1412 3516 qnam-

333 3520 375 3569 vis
396 3517 444 3568 illa
462 3535 517 3570 non
543 3535 557 3568 a
584 3527 656 3571 terra
684 3537 774 3592 neque
800 3537 833 3573 ex
852 3519 1016 3580 hominibus,
1043 3517 1091 3571 sed
1109 3537 1123 3571 e
1142 3518 1218 3570 coelo
1237 3523 1265 3568 et
1285 3515 1411 3568 invisibili

334 3595 471 3657 potestate
490 3589 543 3639 rim
563 3588 713 3642 obtinebat.
759 3591 885 3643 similiter
911 3593 1044 3644 exercitus
1066 3587 1182 3641 universi
1208 3587 1355 3638 Turcarnm
1372 3588 1412 3637 in·

335 3657 479 3710 reiorando
498 3659 640 3712 Meraaitae
663 3661 765 3714 dictum
784 3661 996 3726 confirmabant,
1016 3671 1044 3714 et
1060 3661 1184 3712 omnibus
1202 3656 1348 3710 narrabant
1365 3673 1412 3728 pu·
1500 3669 1501 3676 ¹

333 3745 400 3796 gnae
420 3728 495 3791 hora,
513 3738 657 3801 postquam
674 3749 733 3784 cum
750 3732 862 3784 audacia
881 3741 909 3785 et
933 3734 1046 3802 impetu,
1064 3733 1110 3802 qui
1130 3731 1246 3782 coerceri
1265 3746 1320 3780 non
1338 3736 1412 3798 pote·
1499 3735 1500 3763 l

333 3809 381 3862 rot,
401 3797 435 3850 ad
454 3815 545 3851 muros
563 3804 642 3854 castri
659 3812 846 3872 pervenerant,
864 3812 894 3854 ut
908 3805 1084 3856 ascenderent
1103 3801 1273 3870 Graecosque
1294 3799 1412 3868 fugarent
1498 3807 1499 3810 ’

331 3869 483 3940 urbemque
502 3881 645 3940 caperent,
669 3874 769 3927 vidisse
788 3891 815 3926 se
837 3875 978 3926 mulierem
997 3873 1123 3925 violaceis
1143 3869 1261 3924 vestibus
1279 3871 1411 3932 indutam,

330 3937 547 3994 deambulantem
565 3960 647 4012 super
661 3945 862 4016 propugnacula
882 3946 1021 3997 exterioris
1046 3944 1141 4010 castri;
1167 3957 1218 4013 qna
1243 3942 1298 3992 visa
1327 3941 1411 3994 statim

329 4010 450 4062 tenebris
468 4013 588 4082 procella
616 4014 711 4066 timore
737 4031 768 4066 oc
791 4025 905 4068 tremore
926 4021 1064 4086 correptos
1084 4030 1177 4066 omnes
1194 4015 1223 4064 in
1241 4011 1329 4078 lugam
1348 4029 1374 4064 re
1387 4019 1410 4063 et

328 4094 385 4130 non
404 4079 440 4132 ad
462 4081 565 4134 bellurn
589 4083 710 4148 dedisse,
734 4095 763 4138 et
779 4087 806 4138 vi
831 4085 989 4157 influxuque
1013 4087 1089 4139 illius
1108 4083 1228 4138 mulieris
1246 4081 1409 4134 formidinem
1495 4089 1496 4117 l

330 4148 382 4202 sibi
401 4150 546 4206 immissam
571 4163 602 4210 et
619 4153 713 4208 urbem
742 4154 891 4210 liberatam.
934 4157 1001 4210 haec
1019 4166 1107 4210 autem
1125 4163 1235 4228 peracta
1261 4161 1325 4206 sunt
1343 4167 1408 4206 anno
1494 4178 1495 4206 l
