<?xml version="1.0" encoding="UTF-8"?>
<!DOCTYPE html PUBLIC "-//W3C//DTD XHTML 1.0 Transitional//EN"
    "http://www.w3.org/TR/xhtml1/DTD/xhtml1-transitional.dtd">
<html xmlns="http://www.w3.org/1999/xhtml" xml:lang="en" lang="en">
 <head>
  <title>
</title>
<meta http-equiv="Content-Type" content="text/html;charset=utf-8" />
  <meta name='ocr-system' content='tesseract 3.04.00' />
  <meta name='ocr-capabilities' content='ocr_page ocr_carea ocr_par ocr_line ocrx_word'/>
</head>
<body>
  <div class='ocr_page' id='page_1' title='image "./corpusscriptoru59theogoog/corpusscriptoru59theogoog_0274.png"; bbox 0 0 3042 4900; ppageno 0'>
   <div class='ocr_carea' id='block_1_1' title="bbox 445 332 1173 416">
    <p class='ocr_par' dir='ltr' id='par_1_1' title="bbox 445 332 1173 416">
     <span class='ocr_line' id='line_1_1' title="bbox 445 332 1173 416; baseline 0.003 -3"><span class='ocrx_word' id='word_1_1' title='bbox 445 353 521 413; x_wconf 76' lang='lat' dir='ltr'>liu.</span> <span class='ocrx_word' id='word_1_2' title='bbox 543 354 598 413; x_wconf 87' lang='grc' dir='ltr'><strong><em>ιιι.</em></strong></span> <span class='ocrx_word' id='word_1_3' title='bbox 622 352 712 415; x_wconf 78' lang='lat' dir='ltr'>cau.</span> <span class='ocrx_word' id='word_1_4' title='bbox 732 358 785 416; x_wconf 80' lang='grc' dir='ltr'>ιν.</span> <span class='ocrx_word' id='word_1_5' title='bbox 1094 332 1173 415; x_wconf 81' lang='grc' dir='ltr'>ι6ι</span> 
     </span>
    </p>
   </div>
   <div class='ocr_carea' id='block_1_2' title="bbox 61 496 1200 2804">
    <p class='ocr_par' dir='ltr' id='par_1_2' title="bbox 61 496 1200 2804">
     <span class='ocr_line' id='line_1_2' title="bbox 97 496 1180 589; baseline 0.006 -24"><span class='ocrx_word' id='word_1_6' title='bbox 97 503 169 575; x_wconf 80' lang='grc' dir='ltr'><strong><em>ιινὲς</em></strong></span> <span class='ocrx_word' id='word_1_7' title='bbox 184 496 213 564; x_wconf 81' lang='grc' dir='ltr'>οἱ</span> <span class='ocrx_word' id='word_1_8' title='bbox 228 499 274 583; x_wconf 72' lang='grc' dir='ltr'>μὴ</span> <span class='ocrx_word' id='word_1_9' title='bbox 288 496 459 580; x_wconf 84' lang='grc' dir='ltr'><strong><em>δυνάμενοι</em></strong></span> <span class='ocrx_word' id='word_1_10' title='bbox 468 500 633 583; x_wconf 80' lang='grc' dir='ltr'><strong><em>μάχεσθαι</em></strong></span> <span class='ocrx_word' id='word_1_11' title='bbox 648 501 702 564; x_wconf 84' lang='grc' dir='ltr'>διά</span> <span class='ocrx_word' id='word_1_12' title='bbox 716 505 816 584; x_wconf 75' lang='grc' dir='ltr'><strong><em>γῆρας</em></strong></span> <span class='ocrx_word' id='word_1_13' title='bbox 831 498 852 587; x_wconf 75' lang='grc' dir='ltr'><em>ἢ</em></span> <span class='ocrx_word' id='word_1_14' title='bbox 872 506 914 569; x_wconf 83' lang='grc' dir='ltr'>δι’</span> <span class='ocrx_word' id='word_1_15' title='bbox 933 500 1045 587; x_wconf 72' lang='grc' dir='ltr'><strong><em>ἕτερον</em></strong></span> <span class='ocrx_word' id='word_1_16' title='bbox 1065 506 1180 589; x_wconf 75' lang='grc' dir='ltr'><strong><em>αἰτίαν,</em></strong></span> 
     </span>
     <span class='ocr_line' id='line_1_3' title="bbox 99 592 1182 685; baseline 0.01 -22"><span class='ocrx_word' id='word_1_17' title='bbox 99 600 166 675; x_wconf 76' lang='grc' dir='ltr'><strong><em>τοὺς</em></strong></span> <span class='ocrx_word' id='word_1_18' title='bbox 178 592 294 680; x_wconf 84' lang='grc' dir='ltr'><strong><em>ἀρτους</em></strong></span> <span class='ocrx_word' id='word_1_19' title='bbox 305 601 360 662; x_wconf 88' lang='grc' dir='ltr'><strong><em>καί</em></strong></span> <span class='ocrx_word' id='word_1_20' title='bbox 371 603 436 661; x_wconf 88' lang='grc' dir='ltr'><strong><em>πάν</em></strong></span> <span class='ocrx_word' id='word_1_21' title='bbox 447 599 609 683; x_wconf 74' lang='grc' dir='ltr'><strong><em>βρώσιμον</em></strong></span> <span class='ocrx_word' id='word_1_22' title='bbox 623 603 817 685; x_wconf 73' lang='grc' dir='ltr'><strong><em>διαμεριζειν</em></strong></span> <span class='ocrx_word' id='word_1_23' title='bbox 829 606 863 669; x_wconf 74' lang='grc' dir='ltr'><strong><em>ἐν</em></strong></span> <span class='ocrx_word' id='word_1_24' title='bbox 881 612 946 680; x_wconf 82' lang='grc' dir='ltr'><strong><em>τοῖς</em></strong></span> <span class='ocrx_word' id='word_1_25' title='bbox 966 603 1061 683; x_wconf 82' lang='grc' dir='ltr'><em>οἴκοις</em></span> <span class='ocrx_word' id='word_1_26' title='bbox 1082 606 1137 672; x_wconf 80' lang='grc' dir='ltr'><strong><em>καί</em></strong></span> <span class='ocrx_word' id='word_1_27' title='bbox 1147 610 1182 674; x_wconf 76' lang='grc' dir='ltr'><strong><em>ἐν</em></strong></span> 
     </span>
     <span class='ocr_line' id='line_1_4' title="bbox 99 694 1182 786; baseline 0.006 -22"><span class='ocrx_word' id='word_1_28' title='bbox 99 707 156 773; x_wconf 77' lang='grc' dir='ltr'><strong><em>τοῖς</em></strong></span> <span class='ocrx_word' id='word_1_29' title='bbox 173 694 305 781; x_wconf 86' lang='grc' dir='ltr'><strong><em>πάργοις</em></strong></span> <span class='ocrx_word' id='word_1_30' title='bbox 325 694 405 762; x_wconf 84' lang='grc' dir='ltr'><strong><em>κατά</em></strong></span> <span class='ocrx_word' id='word_1_31' title='bbox 425 697 481 781; x_wconf 77' lang='grc' dir='ltr'><strong><em>την</em></strong></span> <span class='ocrx_word' id='word_1_32' title='bbox 499 698 670 781; x_wconf 86' lang='grc' dir='ltr'><strong><em>ἀναλογίαν</em></strong></span> <span class='ocrx_word' id='word_1_33' title='bbox 689 696 758 775; x_wconf 75' lang='grc' dir='ltr'><strong><em>ἑνὸς</em></strong></span> <span class='ocrx_word' id='word_1_34' title='bbox 779 695 920 767; x_wconf 73' lang='grc' dir='ltr'><strong><em>ἑκάστου.</em></strong></span> <span class='ocrx_word' id='word_1_35' title='bbox 940 702 1024 768; x_wconf 82' lang='grc' dir='ltr'>καίἀ</span> <span class='ocrx_word' id='word_1_36' title='bbox 1046 704 1182 786; x_wconf 85' lang='grc' dir='ltr'><strong><em>πόλεμος</em></strong></span> 
     </span>
     <span class='ocr_line' id='line_1_5' title="bbox 101 789 1180 887; baseline 0.009 -27"><span class='ocrx_word' id='word_1_37' title='bbox 101 798 296 881; x_wconf 75' lang='grc' dir='ltr'><strong><em>ἢμὲροινκαθ</em></strong></span> <span class='ocrx_word' id='word_1_38' title='bbox 317 795 440 881; x_wconf 77' lang='grc' dir='ltr'><strong><em>ἡμέραν</em></strong></span> <span class='ocrx_word' id='word_1_39' title='bbox 456 789 570 880; x_wconf 73' lang='grc' dir='ltr'><strong><em>ηὔξανε</em></strong></span> <span class='ocrx_word' id='word_1_40' title='bbox 583 799 638 862; x_wconf 85' lang='grc' dir='ltr'>διά</span> <span class='ocrx_word' id='word_1_41' title='bbox 652 798 687 862; x_wconf 81' lang='grc' dir='ltr'>τὸ</span> <span class='ocrx_word' id='word_1_42' title='bbox 704 804 777 864; x_wconf 84' lang='grc' dir='ltr'><strong><em>καθ’</em></strong></span> <span class='ocrx_word' id='word_1_43' title='bbox 797 794 928 887; x_wconf 75' lang='grc' dir='ltr'><strong><em>ἑκάστην</em></strong></span> <span class='ocrx_word' id='word_1_44' title='bbox 940 804 985 879; x_wconf 81' lang='grc' dir='ltr'>είς</span> <span class='ocrx_word' id='word_1_45' title='bbox 997 802 1070 879; x_wconf 78' lang='grc' dir='ltr'>τούς</span> <span class='ocrx_word' id='word_1_46' title='bbox 1091 809 1180 870; x_wconf 85' lang='grc' dir='ltr'><strong><em>ε’ναν-</em></strong></span> 
     </span>
     <span class='ocr_line' id='line_1_6' title="bbox 80 895 1181 983; baseline 0.007 -22"><span class='ocrx_word' id='word_1_47' title='bbox 80 899 178 971; x_wconf 81' lang='grc' dir='ltr'><strong><em>5τίοος</em></strong></span> <span class='ocrx_word' id='word_1_48' title='bbox 199 897 236 961; x_wconf 83' lang='grc' dir='ltr'>εἰι</span> <span class='ocrx_word' id='word_1_49' title='bbox 255 898 314 959; x_wconf 77' lang='grc' dir='ltr'>τοῦ</span> <span class='ocrx_word' id='word_1_50' title='bbox 334 898 389 977; x_wconf 77' lang='grc' dir='ltr'>τῆς</span> <span class='ocrx_word' id='word_1_51' title='bbox 417 895 523 971; x_wconf 82' lang='grc' dir='ltr'><strong><em>Ἀσίας</em></strong></span> <span class='ocrx_word' id='word_1_52' title='bbox 548 898 697 976; x_wconf 77' lang='grc' dir='ltr'><strong><em>κλίματος</em></strong></span> <span class='ocrx_word' id='word_1_53' title='bbox 727 902 796 973; x_wconf 82' lang='grc' dir='ltr'><strong><em>νέος</em></strong></span> <span class='ocrx_word' id='word_1_54' title='bbox 822 901 960 983; x_wconf 86' lang='grc' dir='ltr'><strong><em>στρατὸς</em></strong></span> <span class='ocrx_word' id='word_1_55' title='bbox 981 904 1020 965; x_wconf 77' lang='lat' dir='ltr'>od</span> <span class='ocrx_word' id='word_1_56' title='bbox 1043 905 1181 969; x_wconf 77' lang='grc' dir='ltr'>διέλιπεν</span> 
     </span>
     <span class='ocr_line' id='line_1_7' title="bbox 90 991 1186 1085; baseline 0.009 -27"><span class='ocrx_word' id='word_1_57' title='bbox 90 993 267 1078; x_wconf 68' lang='grc' dir='ltr'><strong><em>’ἔρχεσθον</em></strong></span> <span class='ocrx_word' id='word_1_58' title='bbox 288 993 328 1060; x_wconf 87' lang='grc' dir='ltr'>τά</span> <span class='ocrx_word' id='word_1_59' title='bbox 343 996 378 1059; x_wconf 74' lang='grc' dir='ltr'>δὲ</span> <span class='ocrx_word' id='word_1_60' title='bbox 393 993 527 1077; x_wconf 79' lang='grc' dir='ltr'><strong><em>ἡμέτερα</em></strong></span> <span class='ocrx_word' id='word_1_61' title='bbox 540 991 739 1077; x_wconf 83' lang='grc' dir='ltr'><strong><em>ἀλιγόστευον</em></strong></span> <span class='ocrx_word' id='word_1_62' title='bbox 753 1000 808 1061; x_wconf 78' lang='grc' dir='ltr'><strong><em>καί</em></strong></span> <span class='ocrx_word' id='word_1_63' title='bbox 820 998 1052 1083; x_wconf 78' lang='grc' dir='ltr'><strong><em>ἐταπεινοῦντο,</em></strong></span> <span class='ocrx_word' id='word_1_64' title='bbox 1074 998 1186 1085; x_wconf 80' lang='grc' dir='ltr'><strong><em>ώσπερ</em></strong></span> 
     </span>
     <span class='ocr_line' id='line_1_8' title="bbox 101 1091 1181 1178; baseline 0.009 -21"><span class='ocrx_word' id='word_1_65' title='bbox 101 1091 210 1177; x_wconf 74' lang='grc' dir='ltr'><strong><em>σελήνη</em></strong></span> <span class='ocrx_word' id='word_1_66' title='bbox 229 1093 432 1178; x_wconf 83' lang='grc' dir='ltr'><strong><em>λειψίφυοτος,</em></strong></span> <span class='ocrx_word' id='word_1_67' title='bbox 460 1092 514 1156; x_wconf 86' lang='grc' dir='ltr'>διά</span> <span class='ocrx_word' id='word_1_68' title='bbox 536 1092 592 1159; x_wconf 83' lang='grc' dir='ltr'><strong><em>τὸν</em></strong></span> <span class='ocrx_word' id='word_1_69' title='bbox 614 1096 831 1178; x_wconf 73' lang='grc' dir='ltr'><strong><em>καθημερινὸν</em></strong></span> <span class='ocrx_word' id='word_1_70' title='bbox 850 1094 999 1165; x_wconf 81' lang='grc' dir='ltr'><strong><em>θάνατον.</em></strong></span> <span class='ocrx_word' id='word_1_71' title='bbox 1040 1105 1123 1177; x_wconf 77' lang='grc' dir='ltr'><strong><em>τινὲς</em></strong></span> <span class='ocrx_word' id='word_1_72' title='bbox 1145 1104 1181 1167; x_wconf 76' lang='grc' dir='ltr'>δὲ</span> 
     </span>
     <span class='ocr_line' id='line_1_9' title="bbox 101 1186 1183 1281; baseline 0.006 -25"><span class='ocrx_word' id='word_1_73' title='bbox 101 1194 132 1257; x_wconf 77' lang='grc' dir='ltr'><strong><em>ἐκ</em></strong></span> <span class='ocrx_word' id='word_1_74' title='bbox 160 1193 224 1257; x_wconf 83' lang='grc' dir='ltr'><strong><em>τών</em></strong></span> <span class='ocrx_word' id='word_1_75' title='bbox 241 1190 403 1275; x_wconf 78' lang='grc' dir='ltr'><strong><em>ἡμετέρων</em></strong></span> <span class='ocrx_word' id='word_1_76' title='bbox 422 1186 565 1267; x_wconf 73' lang='grc' dir='ltr'><strong><em>ἀπειθεῖς</em></strong></span> <span class='ocrx_word' id='word_1_77' title='bbox 592 1196 648 1259; x_wconf 83' lang='grc' dir='ltr'><strong><em>καί</em></strong></span> <span class='ocrx_word' id='word_1_78' title='bbox 667 1195 879 1279; x_wconf 85' lang='grc' dir='ltr'><strong><em>ἀπάνθρωποι</em></strong></span> <span class='ocrx_word' id='word_1_79' title='bbox 904 1196 943 1263; x_wconf 89' lang='grc' dir='ltr'>τά</span> <span class='ocrx_word' id='word_1_80' title='bbox 964 1198 1054 1281; x_wconf 80' lang='grc' dir='ltr'><strong><em>ῆμών</em></strong></span> <span class='ocrx_word' id='word_1_81' title='bbox 1072 1224 1183 1263; x_wconf 80' lang='grc' dir='ltr'><strong><em>ταπει·</em></strong></span> 
     </span>
     <span class='ocr_line' id='line_1_10' title="bbox 101 1290 1184 1382; baseline 0.007 -28"><span class='ocrx_word' id='word_1_82' title='bbox 101 1293 235 1355; x_wconf 73' lang='grc' dir='ltr'><strong><em>νοεῖσθαι</em></strong></span> <span class='ocrx_word' id='word_1_83' title='bbox 253 1294 426 1372; x_wconf 71' lang='grc' dir='ltr'><strong><em>βλέποντες,</em></strong></span> <span class='ocrx_word' id='word_1_84' title='bbox 450 1291 596 1375; x_wconf 80' lang='grc' dir='ltr'><strong><em>εδράντες</em></strong></span> <span class='ocrx_word' id='word_1_85' title='bbox 618 1290 671 1357; x_wconf 82' lang='grc' dir='ltr'><strong><em>τὸν</em></strong></span> <span class='ocrx_word' id='word_1_86' title='bbox 684 1292 796 1374; x_wconf 82' lang='grc' dir='ltr'><strong><em>καιρὸν</em></strong></span> <span class='ocrx_word' id='word_1_87' title='bbox 813 1298 858 1372; x_wconf 81' lang='grc' dir='ltr'>εἰς</span> <span class='ocrx_word' id='word_1_88' title='bbox 876 1293 933 1371; x_wconf 89' lang='grc' dir='ltr'>τάς</span> <span class='ocrx_word' id='word_1_89' title='bbox 953 1295 1092 1382; x_wconf 87' lang='grc' dir='ltr'><strong><em>πονηράς</em></strong></span> <span class='ocrx_word' id='word_1_90' title='bbox 1113 1298 1184 1381; x_wconf 84' lang='grc' dir='ltr'><strong><em>ἀρί-</em></strong></span> 
     </span>
     <span class='ocr_line' id='line_1_11' title="bbox 65 1390 1186 1479; baseline 0.005 -22"><span class='ocrx_word' id='word_1_91' title='bbox 65 1395 171 1468; x_wconf 86' lang='grc' dir='ltr'><strong><em>ιοξεις,</em></strong></span> <span class='ocrx_word' id='word_1_92' title='bbox 204 1390 331 1466; x_wconf 87' lang='grc' dir='ltr'><strong><em>στάσεις</em></strong></span> <span class='ocrx_word' id='word_1_93' title='bbox 352 1390 414 1455; x_wconf 74' lang='grc' dir='ltr'><strong><em>’κατ’</em></strong></span> <span class='ocrx_word' id='word_1_94' title='bbox 441 1392 676 1468; x_wconf 75' lang='grc' dir='ltr'><strong><em>ἀκαταστασίαις</em></strong></span> <span class='ocrx_word' id='word_1_95' title='bbox 699 1396 773 1457; x_wconf 84' lang='grc' dir='ltr'><strong><em>καθ’</em></strong></span> <span class='ocrx_word' id='word_1_96' title='bbox 804 1394 925 1479; x_wconf 75' lang='grc' dir='ltr'><strong><em>ἡμέραν</em></strong></span> <span class='ocrx_word' id='word_1_97' title='bbox 952 1398 1100 1479; x_wconf 77' lang='grc' dir='ltr'><strong><em>ἐποίουν,</em></strong></span> <span class='ocrx_word' id='word_1_98' title='bbox 1130 1404 1186 1463; x_wconf 80' lang='grc' dir='ltr'><strong><em>κατ’</em></strong></span> 
     </span>
     <span class='ocr_line' id='line_1_12' title="bbox 101 1483 1184 1579; baseline 0.008 -27"><span class='ocrx_word' id='word_1_99' title='bbox 101 1483 206 1573; x_wconf 68' lang='grc' dir='ltr'><strong><em>ὕβρεις</em></strong></span> <span class='ocrx_word' id='word_1_100' title='bbox 225 1492 282 1553; x_wconf 81' lang='grc' dir='ltr'><strong><em>κατ’</em></strong></span> <span class='ocrx_word' id='word_1_101' title='bbox 299 1487 459 1574; x_wconf 81' lang='grc' dir='ltr'><strong><em>λοιδορίας</em></strong></span> <span class='ocrx_word' id='word_1_102' title='bbox 476 1490 521 1563; x_wconf 82' lang='grc' dir='ltr'>εἷς</span> <span class='ocrx_word' id='word_1_103' title='bbox 542 1488 601 1565; x_wconf 85' lang='grc' dir='ltr'>τάς</span> <span class='ocrx_word' id='word_1_104' title='bbox 620 1497 770 1570; x_wconf 79' lang='grc' dir='ltr'><strong><em>πλατείας</em></strong></span> <span class='ocrx_word' id='word_1_105' title='bbox 789 1494 844 1557; x_wconf 78' lang='grc' dir='ltr'><strong><em>καί</em></strong></span> <span class='ocrx_word' id='word_1_106' title='bbox 864 1492 968 1579; x_wconf 78' lang='grc' dir='ltr'><strong><em>ῥώμας</em></strong></span> <span class='ocrx_word' id='word_1_107' title='bbox 989 1498 1043 1579; x_wconf 76' lang='grc' dir='ltr'>τῆς</span> <span class='ocrx_word' id='word_1_108' title='bbox 1063 1496 1184 1573; x_wconf 80' lang='grc' dir='ltr'><strong><em>πόλεως</em></strong></span> 
     </span>
     <span class='ocr_line' id='line_1_13' title="bbox 101 1586 1184 1677; baseline 0.008 -26"><span class='ocrx_word' id='word_1_109' title='bbox 101 1586 172 1653; x_wconf 86' lang='grc' dir='ltr'><strong><em>κατά</em></strong></span> <span class='ocrx_word' id='word_1_110' title='bbox 193 1590 250 1654; x_wconf 82' lang='grc' dir='ltr'>τοῦ</span> <span class='ocrx_word' id='word_1_111' title='bbox 268 1590 444 1671; x_wconf 73' lang='grc' dir='ltr'><strong><em>δυστυχοῦς</em></strong></span> <span class='ocrx_word' id='word_1_112' title='bbox 465 1594 622 1670; x_wconf 79' lang='grc' dir='ltr'><strong><em>βασιλέως</em></strong></span> <span class='ocrx_word' id='word_1_113' title='bbox 641 1589 696 1654; x_wconf 81' lang='grc' dir='ltr'><strong><em>καί</em></strong></span> <span class='ocrx_word' id='word_1_114' title='bbox 717 1594 781 1655; x_wconf 88' lang='grc' dir='ltr'><strong><em>τών</em></strong></span> <span class='ocrx_word' id='word_1_115' title='bbox 799 1588 914 1677; x_wconf 71' lang='grc' dir='ltr'><strong><em>ἑτέρων</em></strong></span> <span class='ocrx_word' id='word_1_116' title='bbox 935 1590 1098 1677; x_wconf 83' lang='grc' dir='ltr'><strong><em>ἀρχόντων</em></strong></span> <span class='ocrx_word' id='word_1_117' title='bbox 1119 1596 1184 1673; x_wconf 79' lang='grc' dir='ltr'><strong><em>ε’ξί-</em></strong></span> 
     </span>
     <span class='ocr_line' id='line_1_14' title="bbox 101 1688 1185 1779; baseline 0.006 -28"><span class='ocrx_word' id='word_1_118' title='bbox 101 1710 171 1770; x_wconf 81' lang='grc' dir='ltr'><strong><em>χεον</em></strong></span> <span class='ocrx_word' id='word_1_119' title='bbox 197 1688 234 1752; x_wconf 75' lang='grc' dir='ltr'><strong><em>ἐκ</em></strong></span> <span class='ocrx_word' id='word_1_120' title='bbox 259 1691 318 1751; x_wconf 72' lang='grc' dir='ltr'>τοῦ</span> <span class='ocrx_word' id='word_1_121' title='bbox 342 1692 463 1769; x_wconf 78' lang='grc' dir='ltr'><strong><em>μιαροῦ</em></strong></span> <span class='ocrx_word' id='word_1_122' title='bbox 494 1688 601 1752; x_wconf 68' lang='lat' dir='ltr'>adroic</span> <span class='ocrx_word' id='word_1_123' title='bbox 630 1691 806 1773; x_wconf 78' lang='grc' dir='ltr'><strong><em>λάρυγγος,</em></strong></span> <span class='ocrx_word' id='word_1_124' title='bbox 838 1693 916 1775; x_wconf 72' lang='grc' dir='ltr'><strong><em>μήτε</em></strong></span> <span class='ocrx_word' id='word_1_125' title='bbox 941 1691 994 1757; x_wconf 87' lang='grc' dir='ltr'><strong><em>τάν</em></strong></span> <span class='ocrx_word' id='word_1_126' title='bbox 1027 1692 1104 1759; x_wconf 85' lang='grc' dir='ltr'><strong><em>θεὸν</em></strong></span> <span class='ocrx_word' id='word_1_127' title='bbox 1125 1717 1185 1779; x_wconf 83' lang='grc' dir='ltr'>φο-</span> 
     </span>
     <span class='ocr_line' id='line_1_15' title="bbox 101 1780 1185 1877; baseline 0.006 -29"><span class='ocrx_word' id='word_1_128' title='bbox 101 1786 248 1867; x_wconf 80' lang='grc' dir='ltr'><strong><em>βούμενοι</em></strong></span> <span class='ocrx_word' id='word_1_129' title='bbox 278 1780 358 1869; x_wconf 75' lang='grc' dir='ltr'><strong><em>μήτε</em></strong></span> <span class='ocrx_word' id='word_1_130' title='bbox 387 1785 444 1851; x_wconf 82' lang='grc' dir='ltr'><strong><em>τὸν</em></strong></span> <span class='ocrx_word' id='word_1_131' title='bbox 478 1789 612 1869; x_wconf 71' lang='grc' dir='ltr'><strong><em>βασιλέα</em></strong></span> <span class='ocrx_word' id='word_1_132' title='bbox 652 1782 673 1872; x_wconf 77' lang='grc' dir='ltr'><em>ἢ</em></span> <span class='ocrx_word' id='word_1_133' title='bbox 701 1786 777 1863; x_wconf 81' lang='grc' dir='ltr'><strong><em>τοδς</em></strong></span> <span class='ocrx_word' id='word_1_134' title='bbox 813 1790 1000 1877; x_wconf 71' lang='grc' dir='ltr'><strong><em>ἀνθρώπους</em></strong></span> <span class='ocrx_word' id='word_1_135' title='bbox 1038 1790 1185 1876; x_wconf 79' lang='grc' dir='ltr'><strong><em>ἐντρεπό-</em></strong></span> 
     </span>
     <span class='ocr_line' id='line_1_16' title="bbox 64 1882 1185 1975; baseline 0.003 -25"><span class='ocrx_word' id='word_1_136' title='bbox 64 1888 196 1967; x_wconf 81' lang='grc' dir='ltr'><strong><em>ι5μειιοι.</em></strong></span> <span class='ocrx_word' id='word_1_137' title='bbox 239 1882 334 1959; x_wconf 72' lang='grc' dir='ltr'><strong><em>αὐτὸς</em></strong></span> <span class='ocrx_word' id='word_1_138' title='bbox 362 1886 399 1949; x_wconf 70' lang='grc' dir='ltr'>δὲ</span> <span class='ocrx_word' id='word_1_139' title='bbox 416 1883 443 1971; x_wconf 64' lang='lat' dir='ltr'>:o‘</span> <span class='ocrx_word' id='word_1_140' title='bbox 464 1886 728 1971; x_wconf 86' lang='grc' dir='ltr'><strong><em>τρισμακάριστος</em></strong></span> <span class='ocrx_word' id='word_1_141' title='bbox 757 1886 792 1953; x_wconf 79' lang='grc' dir='ltr'>τά</span> <span class='ocrx_word' id='word_1_142' title='bbox 817 1893 875 1952; x_wconf 80' lang='grc' dir='ltr'>τοῦ</span> <span class='ocrx_word' id='word_1_143' title='bbox 894 1892 1001 1973; x_wconf 84' lang='grc' dir='ltr'><strong><em>Δαβίδ</em></strong></span> <span class='ocrx_word' id='word_1_144' title='bbox 1016 1889 1112 1975; x_wconf 74' lang='grc' dir='ltr'><strong><em>ῥητὸν</em></strong></span> <span class='ocrx_word' id='word_1_145' title='bbox 1129 1918 1185 1971; x_wconf 90' lang='grc' dir='ltr'>μι.</span> 
     </span>
     <span class='ocr_line' id='line_1_17' title="bbox 101 1982 1200 2072; baseline 0.002 -23"><span class='ocrx_word' id='word_1_146' title='bbox 101 1983 254 2066; x_wconf 83' lang='grc' dir='ltr'><strong><em>μοάμενος</em></strong></span> <span class='ocrx_word' id='word_1_147' title='bbox 274 1983 310 2048; x_wconf 80' lang='grc' dir='ltr'>τά</span> <span class='ocrx_word' id='word_1_148' title='bbox 328 1982 419 2068; x_wconf 67' lang='lat' dir='ltr'>“tyci</span> <span class='ocrx_word' id='word_1_149' title='bbox 437 1986 472 2049; x_wconf 83' lang='grc' dir='ltr'>δὲ</span> <span class='ocrx_word' id='word_1_150' title='bbox 496 1982 575 2051; x_wconf 75' lang='grc' dir='ltr'><strong><em>ώσεί</em></strong></span> <span class='ocrx_word' id='word_1_151' title='bbox 593 1985 700 2071; x_wconf 76' lang='grc' dir='ltr'><strong><em>κωφὸς</em></strong></span> <span class='ocrx_word' id='word_1_152' title='bbox 721 1986 780 2051; x_wconf 73' lang='lat' dir='ltr'>oda</span> <span class='ocrx_word' id='word_1_153' title='bbox 799 1982 913 2072; x_wconf 78' lang='grc' dir='ltr'><strong><em>ἤκουον</em></strong></span> <span class='ocrx_word' id='word_1_154' title='bbox 935 1987 990 2052; x_wconf 80' lang='grc' dir='ltr'><strong><em>καί</em></strong></span> <span class='ocrx_word' id='word_1_155' title='bbox 1009 1984 1087 2053; x_wconf 77' lang='grc' dir='ltr'>ώσεί</span> <span class='ocrx_word' id='word_1_156' title='bbox 1106 1983 1200 2053; x_wconf 86' lang='grc' dir='ltr'><strong><em>άλα.’</em></strong></span> 
     </span>
     <span class='ocr_line' id='line_1_18' title="bbox 102 2079 1188 2172; baseline 0.006 -25"><span class='ocrx_word' id='word_1_157' title='bbox 102 2088 152 2159; x_wconf 88' lang='grc' dir='ltr'>λος</span> <span class='ocrx_word' id='word_1_158' title='bbox 175 2082 336 2168; x_wconf 77' lang='grc' dir='ltr'><strong><em>ἐγενόμην,</em></strong></span> <span class='ocrx_word' id='word_1_159' title='bbox 356 2084 412 2149; x_wconf 70' lang='grc' dir='ltr'><strong><em>κατ’</em></strong></span> <span class='ocrx_word' id='word_1_160' title='bbox 433 2085 585 2169; x_wconf 77' lang='grc' dir='ltr'><strong><em>ἐγενόμην</em></strong></span> <span class='ocrx_word' id='word_1_161' title='bbox 609 2084 687 2149; x_wconf 69' lang='lat' dir='ltr'>aare</span> <span class='ocrx_word' id='word_1_162' title='bbox 708 2079 879 2172; x_wconf 82' lang='grc' dir='ltr'><strong><em>ἀνθρώπος</em></strong></span> <span class='ocrx_word' id='word_1_163' title='bbox 906 2087 964 2150; x_wconf 84' lang='grc' dir='ltr'><strong><em>οάκ</em></strong></span> <span class='ocrx_word' id='word_1_164' title='bbox 988 2083 1112 2152; x_wconf 75' lang='lat' dir='ltr'>duodone</span> <span class='ocrx_word' id='word_1_165' title='bbox 1132 2090 1188 2153; x_wconf 83' lang='grc' dir='ltr'><em>καί</em></span> 
     </span>
     <span class='ocr_line' id='line_1_19' title="bbox 102 2178 1185 2270; baseline 0.006 -25"><span class='ocrx_word' id='word_1_166' title='bbox 102 2182 158 2246; x_wconf 87' lang='grc' dir='ltr'>ουίι</span> <span class='ocrx_word' id='word_1_167' title='bbox 177 2178 261 2264; x_wconf 77' lang='grc' dir='ltr'><strong><em>ἔχων</em></strong></span> <span class='ocrx_word' id='word_1_168' title='bbox 282 2184 318 2247; x_wconf 74' lang='grc' dir='ltr'><strong><em>ἐν</em></strong></span> <span class='ocrx_word' id='word_1_169' title='bbox 339 2184 384 2269; x_wconf 72' lang='lat' dir='ltr'>epi</span> <span class='ocrx_word' id='word_1_170' title='bbox 402 2180 541 2262; x_wconf 89' lang='grc' dir='ltr'><strong><em>στόματι</em></strong></span> <span class='ocrx_word' id='word_1_171' title='bbox 561 2179 664 2248; x_wconf 70' lang='grc' dir='ltr'><strong><em>αὑτοῦ</em></strong></span> <span class='ocrx_word' id='word_1_172' title='bbox 683 2184 847 2268; x_wconf 83' lang='grc' dir='ltr'><strong><em>ε’λεγμοάς,</em></strong></span> <span class='ocrx_word' id='word_1_173' title='bbox 869 2178 917 2251; x_wconf 78' lang='grc' dir='ltr'>ὅτι</span> <span class='ocrx_word' id='word_1_174' title='bbox 938 2182 967 2249; x_wconf 84' lang='grc' dir='ltr'>οἱ</span> <span class='ocrx_word' id='word_1_175' title='bbox 989 2189 1105 2270; x_wconf 76' lang='grc' dir='ltr'><strong><em>ἐχθροί</em></strong></span> <span class='ocrx_word' id='word_1_176' title='bbox 1122 2210 1185 2269; x_wconf 87' lang='grc' dir='ltr'>μου</span> 
     </span>
     <span class='ocr_line' id='line_1_20' title="bbox 103 2278 1186 2369; baseline 0.003 -22"><span class='ocrx_word' id='word_1_177' title='bbox 103 2281 177 2359; x_wconf 82' lang='grc' dir='ltr'><strong><em>ζώσι</em></strong></span> <span class='ocrx_word' id='word_1_178' title='bbox 207 2278 262 2345; x_wconf 74' lang='grc' dir='ltr'><strong><em>κατ’</em></strong></span> <span class='ocrx_word' id='word_1_179' title='bbox 288 2284 537 2366; x_wconf 78' lang='grc' dir='ltr'><strong><em>κεκραταιλιινται</em></strong></span> <span class='ocrx_word' id='word_1_180' title='bbox 573 2282 654 2366; x_wconf 77' lang='grc' dir='ltr'><strong><em>ἀπὲρ</em></strong></span> <span class='ocrx_word' id='word_1_181' title='bbox 684 2285 759 2366; x_wconf 74' lang='grc' dir='ltr'><strong><em>ἐμὲ,</em></strong></span> <span class='ocrx_word' id='word_1_182' title='bbox 801 2278 851 2348; x_wconf 81' lang='grc' dir='ltr'>δτι</span> <span class='ocrx_word' id='word_1_183' title='bbox 880 2284 1126 2369; x_wconf 73' lang='grc' dir='ltr'><strong><em>ἔπληθάνθησαν</em></strong></span> <span class='ocrx_word' id='word_1_184' title='bbox 1155 2283 1186 2351; x_wconf 77' lang='grc' dir='ltr'>οἱ</span> 
     </span>
     <span class='ocr_line' id='line_1_21' title="bbox 61 2372 1187 2474; baseline 0.006 -32"><span class='ocrx_word' id='word_1_185' title='bbox 61 2372 265 2474; x_wconf 73' lang='grc' dir='ltr'><strong><em>ιὸμισοῦντδς</em></strong></span> <span class='ocrx_word' id='word_1_186' title='bbox 293 2401 334 2462; x_wconf 74' lang='grc' dir='ltr'>με</span> <span class='ocrx_word' id='word_1_187' title='bbox 371 2373 517 2456; x_wconf 57' lang='lat' dir='ltr'>aidricus?</span> <span class='ocrx_word' id='word_1_188' title='bbox 570 2381 626 2448; x_wconf 84' lang='grc' dir='ltr'><strong><em>καί</em></strong></span> <span class='ocrx_word' id='word_1_189' title='bbox 653 2386 735 2458; x_wconf 79' lang='grc' dir='ltr'><strong><em>τινὲς</em></strong></span> <span class='ocrx_word' id='word_1_190' title='bbox 760 2386 821 2470; x_wconf 77' lang='grc' dir='ltr'><strong><em>μὲν</em></strong></span> <span class='ocrx_word' id='word_1_191' title='bbox 854 2378 1074 2467; x_wconf 76' lang='grc' dir='ltr'><strong><em>προσήρχοντο</em></strong></span> <span class='ocrx_word' id='word_1_192' title='bbox 1100 2382 1187 2472; x_wconf 66' lang='lat' dir='ltr'>edrai</span> 
     </span>
     <span class='ocr_line' id='line_1_22' title="bbox 102 2474 1188 2568; baseline 0.005 -26"><span class='ocrx_word' id='word_1_193' title='bbox 102 2481 238 2564; x_wconf 70' lang='grc' dir='ltr'><strong><em>λέγοντες</em></strong></span> <span class='ocrx_word' id='word_1_194' title='bbox 259 2474 310 2542; x_wconf 77' lang='grc' dir='ltr'>ὅτι</span> <span class='ocrx_word' id='word_1_195' title='bbox 330 2477 349 2541; x_wconf 84' lang='grc' dir='ltr'><strong><em>ἀ</em></strong></span> <span class='ocrx_word' id='word_1_196' title='bbox 368 2481 455 2544; x_wconf 79' lang='grc' dir='ltr'><strong><em>δεῖνα</em></strong></span> <span class='ocrx_word' id='word_1_197' title='bbox 477 2482 533 2547; x_wconf 82' lang='grc' dir='ltr'><strong><em>καί</em></strong></span> <span class='ocrx_word' id='word_1_198' title='bbox 561 2480 579 2545; x_wconf 81' lang='grc' dir='ltr'><strong><em>δ</em></strong></span> <span class='ocrx_word' id='word_1_199' title='bbox 598 2483 685 2547; x_wconf 83' lang='grc' dir='ltr'><strong><em>δεῖνα</em></strong></span> <span class='ocrx_word' id='word_1_200' title='bbox 709 2481 786 2547; x_wconf 85' lang='grc' dir='ltr'><strong><em>τάδε</em></strong></span> <span class='ocrx_word' id='word_1_201' title='bbox 808 2478 891 2567; x_wconf 79' lang='grc' dir='ltr'><strong><em>ἔφη·</em></strong></span> <span class='ocrx_word' id='word_1_202' title='bbox 932 2486 1025 2546; x_wconf 88' lang='grc' dir='ltr'><strong><em>τινών</em></strong></span> <span class='ocrx_word' id='word_1_203' title='bbox 1044 2483 1080 2546; x_wconf 79' lang='grc' dir='ltr'>δὲ</span> <span class='ocrx_word' id='word_1_204' title='bbox 1098 2505 1188 2568; x_wconf 86' lang='grc' dir='ltr'><strong><em>περι-</em></strong></span> 
     </span>
     <span class='ocr_line' id='line_1_23' title="bbox 102 2571 1187 2668; baseline 0.006 -26"><span class='ocrx_word' id='word_1_205' title='bbox 102 2580 209 2644; x_wconf 84' lang='grc' dir='ltr'><strong><em>πατών</em></strong></span> <span class='ocrx_word' id='word_1_206' title='bbox 227 2571 335 2662; x_wconf 80' lang='grc' dir='ltr'><strong><em>ἤκουε.</em></strong></span> <span class='ocrx_word' id='word_1_207' title='bbox 387 2583 444 2644; x_wconf 83' lang='grc' dir='ltr'><strong><em>καί</em></strong></span> <span class='ocrx_word' id='word_1_208' title='bbox 471 2581 507 2645; x_wconf 75' lang='grc' dir='ltr'><strong><em>ἐν</em></strong></span> <span class='ocrx_word' id='word_1_209' title='bbox 538 2579 615 2664; x_wconf 79' lang='grc' dir='ltr'><strong><em>ἡμῖν</em></strong></span> <span class='ocrx_word' id='word_1_210' title='bbox 636 2582 807 2666; x_wconf 77' lang='grc' dir='ltr'><strong><em>ἐπληρώθη</em></strong></span> <span class='ocrx_word' id='word_1_211' title='bbox 828 2581 864 2646; x_wconf 85' lang='grc' dir='ltr'>τὸ</span> <span class='ocrx_word' id='word_1_212' title='bbox 884 2579 979 2667; x_wconf 82' lang='grc' dir='ltr'><strong><em>ῥητὸν</em></strong></span> <span class='ocrx_word' id='word_1_213' title='bbox 1002 2581 1035 2647; x_wconf 77' lang='grc' dir='ltr'>τά</span> <span class='ocrx_word' id='word_1_214' title='bbox 1066 2580 1187 2668; x_wconf 81' lang='grc' dir='ltr'><strong><em>φάσκον</em></strong></span> 
     </span>
     <span class='ocr_line' id='line_1_24' title="bbox 171 2704 1188 2804; baseline 0.008 -21"><span class='ocrx_word' id='word_1_215' title='bbox 171 2749 198 2801; x_wconf 85' lang='lat'>9.</span> <span class='ocrx_word' id='word_1_216' title='bbox 216 2704 266 2783; x_wconf 75' lang='grc' dir='ltr'><strong><em>καλ</em></strong></span> <span class='ocrx_word' id='word_1_217' title='bbox 290 2725 437 2798; x_wconf 71' lang='grc' dir='ltr'><strong><em>εὐκαιρίαν</em></strong></span> <span class='ocrx_word' id='word_1_218' title='bbox 458 2729 589 2804; x_wconf 75' lang='grc' dir='ltr'><strong><em>εὑρόντες</em></strong></span> <span class='ocrx_word' id='word_1_219' title='bbox 612 2723 683 2784; x_wconf 71' lang='lat' dir='ltr'>amai</span> <span class='ocrx_word' id='word_1_220' title='bbox 710 2725 762 2790; x_wconf 76' lang='grc' dir='ltr'><strong><em>τὰς</em></strong></span> <span class='ocrx_word' id='word_1_221' title='bbox 779 2729 907 2802; x_wconf 74' lang='grc' dir='ltr'><strong><em>πονηρὰς</em></strong></span> <span class='ocrx_word' id='word_1_222' title='bbox 930 2729 1024 2786; x_wconf 63' lang='lat' dir='ltr'>adada</span> <span class='ocrx_word' id='word_1_223' title='bbox 1049 2729 1188 2803; x_wconf 63' lang='lat' dir='ltr'>daliter?</span> 
     </span>
    </p>
   </div>
   <div class='ocr_carea' id='block_1_3' title="bbox 170 2797 1187 2944">
    <p class='ocr_par' dir='ltr' id='par_1_3' title="bbox 170 2797 1187 2944">
     <span class='ocr_line' id='line_1_25' title="bbox 176 2797 1187 2876; baseline 0.001 -24"><span class='ocrx_word' id='word_1_224' title='bbox 176 2805 217 2856; x_wconf 77' lang='lat'>15.</span> <span class='ocrx_word' id='word_1_225' title='bbox 234 2799 409 2872; x_wconf 85' lang='grc' dir='ltr'><strong><em>μακάριοςΡ</em></strong></span> <span class='ocrx_word' id='word_1_226' title='bbox 516 2803 555 2854; x_wconf 75' lang='grc' dir='ltr'>ιλ.</span> <span class='ocrx_word' id='word_1_227' title='bbox 575 2800 690 2866; x_wconf 74' lang='lat' dir='ltr'>citatae,</span> <span class='ocrx_word' id='word_1_228' title='bbox 715 2798 769 2857; x_wconf 80' lang='grc' dir='ltr'><strong><em>οδκ</em></strong></span> <span class='ocrx_word' id='word_1_229' title='bbox 787 2801 912 2875; x_wconf 79' lang='grc' dir='ltr'><strong><em>ἀνοίγων</em></strong></span> <span class='ocrx_word' id='word_1_230' title='bbox 927 2797 958 2857; x_wconf 84' lang='grc' dir='ltr'>τά</span> <span class='ocrx_word' id='word_1_231' title='bbox 979 2802 1070 2876; x_wconf 85' lang='grc' dir='ltr'><strong><em>σιόρια</em></strong></span> <span class='ocrx_word' id='word_1_232' title='bbox 1092 2801 1187 2858; x_wconf 78' lang='grc' dir='ltr'><strong><em>αὐτοῦ.</em></strong></span> 
     </span>
     <span class='ocr_line' id='line_1_26' title="bbox 170 2871 413 2944; baseline 0 -20"><span class='ocrx_word' id='word_1_233' title='bbox 170 2874 222 2924; x_wconf 83' lang='grc' dir='ltr'>καλ</span> <span class='ocrx_word' id='word_1_234' title='bbox 238 2874 375 2944; x_wconf 73' lang='grc' dir='ltr'><strong><em>ἐγενόμην</em></strong></span> <span class='ocrx_word' id='word_1_235' title='bbox 392 2871 413 2924; x_wconf 82' lang='grc' dir='ltr'>Ρ</span> 
     </span>
    </p>
   </div>
   <div class='ocr_carea' id='block_1_4' title="bbox 101 3014 1192 3432">
    <p class='ocr_par' dir='ltr' id='par_1_4' title="bbox 101 3014 1192 3432">
     <span class='ocr_line' id='line_1_27' title="bbox 101 3014 1188 3086; baseline -0.002 -18"><span class='ocrx_word' id='word_1_236' title='bbox 101 3015 210 3079; x_wconf 82' lang='lat' dir='ltr'>berent,</span> <span class='ocrx_word' id='word_1_237' title='bbox 228 3015 304 3086; x_wconf 82' lang='lat' dir='ltr'>quod</span> <span class='ocrx_word' id='word_1_238' title='bbox 321 3014 490 3068; x_wconf 88' lang='lat' dir='ltr'>ederentaut</span> <span class='ocrx_word' id='word_1_239' title='bbox 508 3015 645 3080; x_wconf 73' lang='lat' dir='ltr'>biberent,</span> <span class='ocrx_word' id='word_1_240' title='bbox 664 3031 716 3070; x_wconf 82' lang='lat' dir='ltr'>aec</span> <span class='ocrx_word' id='word_1_241' title='bbox 723 3017 803 3071; x_wconf 84' lang='lat' dir='ltr'>tiberi</span> <span class='ocrx_word' id='word_1_242' title='bbox 821 3035 872 3071; x_wconf 86' lang='lat' dir='ltr'>nec</span> <span class='ocrx_word' id='word_1_243' title='bbox 887 3031 994 3079; x_wconf 80' lang='lat' dir='ltr'>uxorea,</span> <span class='ocrx_word' id='word_1_244' title='bbox 1012 3017 1052 3068; x_wconf 91' lang='lat' dir='ltr'>ita</span> <span class='ocrx_word' id='word_1_245' title='bbox 1070 3032 1099 3068; x_wconf 83' lang='lat' dir='ltr'>ae</span> <span class='ocrx_word' id='word_1_246' title='bbox 1117 3015 1188 3085; x_wconf 82' lang='lat' dir='ltr'>egia-</span> 
     </span>
     <span class='ocr_line' id='line_1_28' title="bbox 102 3085 1190 3160; baseline -0.005 -20"><span class='ocrx_word' id='word_1_247' title='bbox 102 3103 140 3140; x_wconf 69' lang='grc' dir='ltr'>ια</span> <span class='ocrx_word' id='word_1_248' title='bbox 158 3087 209 3138; x_wconf 91' lang='lat' dir='ltr'>boc</span> <span class='ocrx_word' id='word_1_249' title='bbox 226 3085 338 3152; x_wconf 84' lang='lat' dir='ltr'>audito,</span> <span class='ocrx_word' id='word_1_250' title='bbox 358 3089 505 3156; x_wconf 78' lang='lat' dir='ltr'>imperator</span> <span class='ocrx_word' id='word_1_251' title='bbox 525 3089 679 3153; x_wconf 87' lang='lat' dir='ltr'>conatituit‚</span> <span class='ocrx_word' id='word_1_252' title='bbox 704 3098 736 3140; x_wconf 88' lang='lat' dir='ltr'>ut</span> <span class='ocrx_word' id='word_1_253' title='bbox 753 3097 890 3160; x_wconf 86' lang='lat' dir='ltr'><strong>quotquot</strong></span> <span class='ocrx_word' id='word_1_254' title='bbox 909 3094 1049 3140; x_wconf 78' lang='lat' dir='ltr'>senectute</span> <span class='ocrx_word' id='word_1_255' title='bbox 1069 3087 1114 3138; x_wconf 79' lang='lat' dir='ltr'>vet</span> <span class='ocrx_word' id='word_1_256' title='bbox 1135 3086 1190 3136; x_wconf 83' lang='lat' dir='ltr'>alia</span> 
     </span>
     <span class='ocr_line' id='line_1_29' title="bbox 102 3157 1191 3229; baseline -0.001 -21"><span class='ocrx_word' id='word_1_257' title='bbox 102 3175 132 3210; x_wconf 89' lang='lat' dir='ltr'>re</span> <span class='ocrx_word' id='word_1_258' title='bbox 154 3157 364 3226; x_wconf 78' lang='lat' dir='ltr'>impedirentur,</span> <span class='ocrx_word' id='word_1_259' title='bbox 392 3175 428 3209; x_wconf 85' lang='lat' dir='ltr'>ne</span> <span class='ocrx_word' id='word_1_260' title='bbox 448 3167 607 3226; x_wconf 72' lang='lat' dir='ltr'>pugnarent,</span> <span class='ocrx_word' id='word_1_261' title='bbox 625 3160 659 3210; x_wconf 82' lang='lat' dir='ltr'>iia</span> <span class='ocrx_word' id='word_1_262' title='bbox 676 3176 727 3229; x_wconf 86' lang='lat' dir='ltr'>pro</span> <span class='ocrx_word' id='word_1_263' title='bbox 753 3160 870 3211; x_wconf 72' lang='lat' dir='ltr'>cuiusvie</span> <span class='ocrx_word' id='word_1_264' title='bbox 887 3157 1144 3224; x_wconf 80' lang='lat' dir='ltr'>conditioue&#39;pania</span> <span class='ocrx_word' id='word_1_265' title='bbox 1162 3163 1191 3207; x_wconf 88' lang='lat' dir='ltr'>et</span> 
     </span>
     <span class='ocr_line' id='line_1_30' title="bbox 102 3225 1191 3298; baseline -0.003 -19"><span class='ocrx_word' id='word_1_266' title='bbox 102 3229 226 3298; x_wconf 78' lang='lat' dir='ltr'>retiquae</span> <span class='ocrx_word' id='word_1_267' title='bbox 244 3227 321 3279; x_wconf 87' lang='lat' dir='ltr'>cibua</span> <span class='ocrx_word' id='word_1_268' title='bbox 340 3245 389 3297; x_wconf 91' lang='lat' dir='ltr'>per</span> <span class='ocrx_word' id='word_1_269' title='bbox 414 3227 494 3279; x_wconf 85' lang='lat' dir='ltr'>aedea</span> <span class='ocrx_word' id='word_1_270' title='bbox 519 3237 548 3280; x_wconf 90' lang='lat' dir='ltr'>et</span> <span class='ocrx_word' id='word_1_271' title='bbox 563 3237 650 3281; x_wconf 82' lang='lat' dir='ltr'>turrea</span> <span class='ocrx_word' id='word_1_272' title='bbox 678 3229 892 3282; x_wconf 72' lang='lat' dir='ltr'>distribueretur.</span> <span class='ocrx_word' id='word_1_273' title='bbox 912 3227 1020 3278; x_wconf 82' lang='lat' dir='ltr'>interim</span> <span class='ocrx_word' id='word_1_274' title='bbox 1039 3226 1142 3277; x_wconf 87' lang='lat' dir='ltr'>beilum</span> <span class='ocrx_word' id='word_1_275' title='bbox 1160 3225 1191 3277; x_wconf 89' lang='lat' dir='ltr'>in</span> 
     </span>
     <span class='ocr_line' id='line_1_31' title="bbox 102 3296 1191 3370; baseline -0.003 -19"><span class='ocrx_word' id='word_1_276' title='bbox 102 3298 161 3351; x_wconf 84' lang='lat' dir='ltr'>dica</span> <span class='ocrx_word' id='word_1_277' title='bbox 180 3297 397 3368; x_wconf 74' lang='lat' dir='ltr'>ingravescebat,</span> <span class='ocrx_word' id='word_1_278' title='bbox 415 3315 497 3369; x_wconf 89' lang='lat' dir='ltr'>quum</span> <span class='ocrx_word' id='word_1_279' title='bbox 517 3299 552 3350; x_wconf 83' lang='lat' dir='ltr'>ad</span> <span class='ocrx_word' id='word_1_280' title='bbox 568 3298 660 3352; x_wconf 77' lang='lat' dir='ltr'>bastae</span> <span class='ocrx_word' id='word_1_281' title='bbox 684 3317 719 3352; x_wconf 82' lang='lat' dir='ltr'>ex</span> <span class='ocrx_word' id='word_1_282' title='bbox 734 3301 798 3352; x_wconf 77' lang='lat' dir='ltr'>Asia</span> <span class='ocrx_word' id='word_1_283' title='bbox 816 3297 939 3370; x_wconf 85' lang='lat' dir='ltr'>quotidie</span> <span class='ocrx_word' id='word_1_284' title='bbox 956 3305 1078 3348; x_wconf 79' lang='lat' dir='ltr'>recenter</span> <span class='ocrx_word' id='word_1_285' title='bbox 1096 3296 1191 3366; x_wconf 88' lang='lat' dir='ltr'>copiae</span> 
     </span>
     <span class='ocr_line' id='line_1_32' title="bbox 102 3369 1192 3432; baseline -0.003 -10"><span class='ocrx_word' id='word_1_286' title='bbox 102 3369 291 3432; x_wconf 77' lang='lat' dir='ltr'>adventarent,</span> <span class='ocrx_word' id='word_1_287' title='bbox 308 3377 417 3420; x_wconf 87' lang='lat' dir='ltr'>noatrae</span> <span class='ocrx_word' id='word_1_288' title='bbox 434 3378 524 3421; x_wconf 88' lang='lat' dir='ltr'>autem</span> <span class='ocrx_word' id='word_1_289' title='bbox 543 3386 586 3420; x_wconf 81' lang='lat' dir='ltr'>ree</span> <span class='ocrx_word' id='word_1_290' title='bbox 603 3371 684 3421; x_wconf 89' lang='lat' dir='ltr'>lunae</span> <span class='ocrx_word' id='word_1_291' title='bbox 701 3369 879 3422; x_wconf 71' lang='lat' dir='ltr'>decrescentia</span> <span class='ocrx_word' id='word_1_292' title='bbox 897 3369 983 3420; x_wconf 77' lang='lat' dir='ltr'>instar</span> <span class='ocrx_word' id='word_1_293' title='bbox 1000 3369 1192 3419; x_wconf 84' lang='lat' dir='ltr'>imminueren-</span> 
     </span>
    </p>
   </div>
   <div class='ocr_carea' id='block_1_5' title="bbox 102 3438 1192 3560">
    <p class='ocr_par' dir='ltr' id='par_1_5' title="bbox 102 3438 1192 3560">
     <span class='ocr_line' id='line_1_33' title="bbox 102 3438 1192 3560; baseline -0.002 -68"><span class='ocrx_word' id='word_1_294' title='bbox 102 3448 148 3492; x_wconf 89' lang='lat' dir='ltr'>tur</span> <span class='ocrx_word' id='word_1_295' title='bbox 165 3447 195 3490; x_wconf 92' lang='lat' dir='ltr'>et</span> <span class='ocrx_word' id='word_1_296' title='bbox 223 3447 434 3491; x_wconf 77' lang='lat' dir='ltr'>extenuarentur</span> <span class='ocrx_word' id='word_1_297' title='bbox 457 3439 617 3560; x_wconf 63' lang='lat' dir='ltr'>appotidiana</span> <span class='ocrx_word' id='word_1_298' title='bbox 643 3440 734 3492; x_wconf 85' lang='lat' dir='ltr'>caede.</span> <span class='ocrx_word' id='word_1_299' title='bbox 759 3442 871 3509; x_wconf 86' lang='lat' dir='ltr'>inauper</span> <span class='ocrx_word' id='word_1_300' title='bbox 888 3438 999 3508; x_wconf 88' lang='lat' dir='ltr'>quidam</span> <span class='ocrx_word' id='word_1_301' title='bbox 1017 3439 1052 3489; x_wconf 88' lang='lat' dir='ltr'>de</span> <span class='ocrx_word' id='word_1_302' title='bbox 1073 3438 1192 3500; x_wconf 76' lang='lat' dir='ltr'>neutris,</span> 
     </span>
    </p>
   </div>
   <div class='ocr_carea' id='block_1_6' title="bbox 101 3507 1194 3790">
    <p class='ocr_par' dir='ltr' id='par_1_6' title="bbox 101 3507 1194 3790">
     <span class='ocr_line' id='line_1_34' title="bbox 102 3507 1193 3579; baseline -0.004 -17"><span class='ocrx_word' id='word_1_303' title='bbox 102 3519 277 3562; x_wconf 75' lang='lat' dir='ltr'>contumaees</span> <span class='ocrx_word' id='word_1_304' title='bbox 297 3517 326 3561; x_wconf 87' lang='lat' dir='ltr'>et</span> <span class='ocrx_word' id='word_1_305' title='bbox 343 3511 448 3562; x_wconf 82' lang='lat' dir='ltr'>feroces</span> <span class='ocrx_word' id='word_1_306' title='bbox 487 3511 599 3571; x_wconf 79' lang='lat' dir='ltr'>aminea,</span> <span class='ocrx_word' id='word_1_307' title='bbox 618 3527 701 3579; x_wconf 86' lang='lat' dir='ltr'>quum</span> <span class='ocrx_word' id='word_1_308' title='bbox 718 3528 768 3563; x_wconf 83' lang='lat' dir='ltr'>noa</span> <span class='ocrx_word' id='word_1_309' title='bbox 788 3513 817 3562; x_wconf 92' lang='lat' dir='ltr'>in</span> <span class='ocrx_word' id='word_1_310' title='bbox 837 3511 974 3577; x_wconf 72' lang='lat' dir='ltr'>angustias</span> <span class='ocrx_word' id='word_1_311' title='bbox 993 3509 1090 3560; x_wconf 81' lang='lat' dir='ltr'>adduci</span> <span class='ocrx_word' id='word_1_312' title='bbox 1112 3507 1193 3562; x_wconf 84' lang='lat' dir='ltr'>ride-</span> 
     </span>
     <span class='ocr_line' id='line_1_35' title="bbox 102 3578 1193 3650; baseline -0.004 -18"><span class='ocrx_word' id='word_1_313' title='bbox 102 3589 182 3643; x_wconf 86' lang='lat' dir='ltr'>rent,</span> <span class='ocrx_word' id='word_1_314' title='bbox 207 3581 341 3650; x_wconf 72' lang='lat' dir='ltr'>perversio</span> <span class='ocrx_word' id='word_1_315' title='bbox 368 3581 424 3632; x_wconf 84' lang='lat' dir='ltr'>ruia</span> <span class='ocrx_word' id='word_1_316' title='bbox 444 3580 642 3650; x_wconf 72' lang='lat' dir='ltr'>cupiditatibus</span> <span class='ocrx_word' id='word_1_317' title='bbox 658 3583 826 3632; x_wconf 71' lang='lat' dir='ltr'>occasionem</span> <span class='ocrx_word' id='word_1_318' title='bbox 851 3581 933 3642; x_wconf 85' lang='lat' dir='ltr'>nocti,</span> <span class='ocrx_word' id='word_1_319' title='bbox 949 3588 1082 3650; x_wconf 91' lang='lat' dir='ltr'>perpetuo</span> <span class='ocrx_word' id='word_1_320' title='bbox 1100 3578 1193 3631; x_wconf 80' lang='lat' dir='ltr'>turbae</span> 
     </span>
     <span class='ocr_line' id='line_1_36' title="bbox 103 3647 1194 3720; baseline -0.005 -16"><span class='ocrx_word' id='word_1_321' title='bbox 103 3661 133 3704; x_wconf 89' lang='lat' dir='ltr'>et</span> <span class='ocrx_word' id='word_1_322' title='bbox 158 3648 318 3710; x_wconf 71' lang='lat' dir='ltr'>reditiones,</span> <span class='ocrx_word' id='word_1_323' title='bbox 332 3649 503 3715; x_wconf 81' lang='lat' dir='ltr'>excitabant,</span> <span class='ocrx_word' id='word_1_324' title='bbox 527 3661 556 3703; x_wconf 86' lang='lat' dir='ltr'>et</span> <span class='ocrx_word' id='word_1_325' title='bbox 581 3666 628 3701; x_wconf 90' lang='lat' dir='ltr'>ore</span> <span class='ocrx_word' id='word_1_326' title='bbox 654 3653 769 3704; x_wconf 83' lang='lat' dir='ltr'>aceteato</span> <span class='ocrx_word' id='word_1_327' title='bbox 791 3667 839 3720; x_wconf 89' lang='lat' dir='ltr'>per</span> <span class='ocrx_word' id='word_1_328' title='bbox 861 3650 965 3718; x_wconf 81' lang='lat' dir='ltr'>plateae</span> <span class='ocrx_word' id='word_1_329' title='bbox 985 3661 1012 3702; x_wconf 91' lang='lat' dir='ltr'>et</span> <span class='ocrx_word' id='word_1_330' title='bbox 1029 3651 1101 3702; x_wconf 81' lang='lat' dir='ltr'>vicar</span> <span class='ocrx_word' id='word_1_331' title='bbox 1120 3647 1194 3699; x_wconf 78' lang='lat' dir='ltr'>urbia</span> 
     </span>
     <span class='ocr_line' id='line_1_37' title="bbox 101 3718 1193 3790; baseline -0.005 -16"><span class='ocrx_word' id='word_1_332' title='bbox 101 3721 250 3774; x_wconf 82' lang='lat' dir='ltr'>maledicta</span> <span class='ocrx_word' id='word_1_333' title='bbox 271 3731 299 3773; x_wconf 88' lang='lat' dir='ltr'>et</span> <span class='ocrx_word' id='word_1_334' title='bbox 316 3722 492 3774; x_wconf 77' lang='lat' dir='ltr'>contumeliae</span> <span class='ocrx_word' id='word_1_335' title='bbox 508 3722 537 3772; x_wconf 94' lang='lat' dir='ltr'>in</span> <span class='ocrx_word' id='word_1_336' title='bbox 554 3722 744 3790; x_wconf 84' lang='lat' dir='ltr'>imperatorem</span> <span class='ocrx_word' id='word_1_337' title='bbox 763 3730 792 3774; x_wconf 88' lang='lat' dir='ltr'>ct</span> <span class='ocrx_word' id='word_1_338' title='bbox 812 3720 932 3790; x_wconf 83' lang='lat' dir='ltr'>reliquae</span> <span class='ocrx_word' id='word_1_339' title='bbox 951 3721 1087 3790; x_wconf 75' lang='lat' dir='ltr'>principer</span> <span class='ocrx_word' id='word_1_340' title='bbox 1104 3718 1193 3770; x_wconf 59' lang='lat' dir='ltr'>conii*</span> 
     </span>
    </p>
   </div>
   <div class='ocr_carea' id='block_1_7' title="bbox 102 3788 1285 3861">
    <p class='ocr_par' dir='ltr' id='par_1_7' title="bbox 102 3788 1285 3861">
     <span class='ocr_line' id='line_1_38' title="bbox 102 3788 1285 3861; baseline -0.004 -16"><span class='ocrx_word' id='word_1_341' title='bbox 102 3788 224 3854; x_wconf 86' lang='lat' dir='ltr'>ciebant,</span> <span class='ocrx_word' id='word_1_342' title='bbox 242 3808 293 3843; x_wconf 90' lang='lat' dir='ltr'>nec</span> <span class='ocrx_word' id='word_1_343' title='bbox 313 3791 394 3842; x_wconf 84' lang='lat' dir='ltr'>deum</span> <span class='ocrx_word' id='word_1_344' title='bbox 422 3809 473 3843; x_wconf 87' lang='lat' dir='ltr'>nec</span> <span class='ocrx_word' id='word_1_345' title='bbox 493 3793 682 3861; x_wconf 87' lang='lat' dir='ltr'>imperatorem</span> <span class='ocrx_word' id='word_1_346' title='bbox 708 3793 752 3844; x_wconf 85' lang='lat' dir='ltr'>vei</span> <span class='ocrx_word' id='word_1_347' title='bbox 778 3791 902 3843; x_wconf 83' lang='lat' dir='ltr'>bominea</span> <span class='ocrx_word' id='word_1_348' title='bbox 918 3791 1007 3844; x_wconf 83' lang='lat' dir='ltr'>veriti.</span> <span class='ocrx_word' id='word_1_349' title='bbox 1032 3798 1060 3842; x_wconf 87' lang='lat' dir='ltr'>at</span> <span class='ocrx_word' id='word_1_350' title='bbox 1085 3788 1133 3840; x_wconf 89' lang='lat' dir='ltr'>ilie</span> <span class='ocrx_word' id='word_1_351' title='bbox 1151 3795 1194 3840; x_wconf 85' lang='lat' dir='ltr'>ter</span> <span class='ocrx_word' id='word_1_352' title='bbox 1284 3803 1285 3808; x_wconf 54' lang='lat'>¹</span> 
     </span>
    </p>
   </div>
   <div class='ocr_carea' id='block_1_8' title="bbox 101 3847 1195 4285">
    <p class='ocr_par' dir='ltr' id='par_1_8' title="bbox 101 3847 1195 4285">
     <span class='ocr_line' id='line_1_39' title="bbox 102 3847 1194 3930; baseline -0.002 -17"><span class='ocrx_word' id='word_1_353' title='bbox 102 3862 201 3916; x_wconf 82' lang='lat' dir='ltr'>beatae</span> <span class='ocrx_word' id='word_1_354' title='bbox 218 3863 260 3913; x_wconf 78' lang='lat' dir='ltr'>vir</span> <span class='ocrx_word' id='word_1_355' title='bbox 285 3861 396 3914; x_wconf 77' lang='lat' dir='ltr'>Daridia</span> <span class='ocrx_word' id='word_1_356' title='bbox 421 3861 524 3914; x_wconf 88' lang='lat' dir='ltr'>dictum</span> <span class='ocrx_word' id='word_1_357' title='bbox 549 3861 707 3915; x_wconf 84' lang='lat' dir='ltr'>imitabatur</span> <span class='ocrx_word' id='word_1_358' title='bbox 727 3861 799 3930; x_wconf 83' lang='lat' dir='ltr'>“ego</span> <span class='ocrx_word' id='word_1_359' title='bbox 823 3870 912 3912; x_wconf 86' lang='lat' dir='ltr'>autem</span> <span class='ocrx_word' id='word_1_360' title='bbox 936 3862 1008 3912; x_wconf 80' lang='lat' dir='ltr'>sicut</span> <span class='ocrx_word' id='word_1_361' title='bbox 1027 3847 1124 3910; x_wconf 72' lang='lat' dir='ltr'>&#39;sordue</span> <span class='ocrx_word' id='word_1_362' title='bbox 1138 3875 1194 3911; x_wconf 81' lang='lat' dir='ltr'>non</span> 
     </span>
     <span class='ocr_line' id='line_1_40' title="bbox 102 3929 1194 4000; baseline -0.005 -15"><span class='ocrx_word' id='word_1_363' title='bbox 102 3933 267 3995; x_wconf 88' lang='lat' dir='ltr'>audiebam,</span> <span class='ocrx_word' id='word_1_364' title='bbox 296 3939 325 3984; x_wconf 88' lang='lat' dir='ltr'>et</span> <span class='ocrx_word' id='word_1_365' title='bbox 343 3939 470 4000; x_wconf 80' lang='lat' dir='ltr'>tanquam</span> <span class='ocrx_word' id='word_1_366' title='bbox 486 3941 577 3984; x_wconf 86' lang='lat' dir='ltr'>mutua</span> <span class='ocrx_word' id='word_1_367' title='bbox 599 3949 688 3994; x_wconf 86' lang='lat' dir='ltr'>eram,</span> <span class='ocrx_word' id='word_1_368' title='bbox 710 3933 850 4000; x_wconf 75' lang='lat' dir='ltr'>factusque</span> <span class='ocrx_word' id='word_1_369' title='bbox 871 3949 928 3983; x_wconf 87' lang='lat' dir='ltr'>aum</span> <span class='ocrx_word' id='word_1_370' title='bbox 948 3933 1017 3982; x_wconf 82' lang='lat' dir='ltr'>sicut</span> <span class='ocrx_word' id='word_1_371' title='bbox 1037 3929 1116 3982; x_wconf 87' lang='lat' dir='ltr'>homo</span> <span class='ocrx_word' id='word_1_372' title='bbox 1136 3946 1194 3982; x_wconf 87' lang='lat' dir='ltr'>non</span> 
     </span>
     <span class='ocr_line' id='line_1_41' title="bbox 101 4000 1195 4072; baseline -0.002 -18"><span class='ocrx_word' id='word_1_373' title='bbox 101 4004 220 4055; x_wconf 84' lang='lat' dir='ltr'>audiena</span> <span class='ocrx_word' id='word_1_374' title='bbox 240 4017 292 4054; x_wconf 88' lang='lat' dir='ltr'>nec</span> <span class='ocrx_word' id='word_1_375' title='bbox 311 4000 414 4054; x_wconf 84' lang='lat' dir='ltr'>habena</span> <span class='ocrx_word' id='word_1_376' title='bbox 430 4002 460 4054; x_wconf 90' lang='lat' dir='ltr'>in</span> <span class='ocrx_word' id='word_1_377' title='bbox 477 4019 523 4054; x_wconf 86' lang='lat' dir='ltr'>ore</span> <span class='ocrx_word' id='word_1_378' title='bbox 536 4001 749 4069; x_wconf 76' lang='lat' dir='ltr'>redargutiones,</span> <span class='ocrx_word' id='word_1_379' title='bbox 765 4003 893 4072; x_wconf 84' lang='lat' dir='ltr'>quoniam</span> <span class='ocrx_word' id='word_1_380' title='bbox 914 4001 1014 4053; x_wconf 88' lang='lat' dir='ltr'>inimici</span> <span class='ocrx_word' id='word_1_381' title='bbox 1031 4001 1084 4051; x_wconf 90' lang='lat' dir='ltr'>mci</span> <span class='ocrx_word' id='word_1_382' title='bbox 1099 4001 1195 4052; x_wconf 79' lang='lat' dir='ltr'>vivont</span> 
     </span>
     <span class='ocr_line' id='line_1_42' title="bbox 101 4070 1194 4143; baseline -0.003 -18"><span class='ocrx_word' id='word_1_383' title='bbox 101 4082 134 4126; x_wconf 87' lang='lat' dir='ltr'>et</span> <span class='ocrx_word' id='word_1_384' title='bbox 154 4073 367 4143; x_wconf 82' lang='lat' dir='ltr'>praevaluerunt</span> <span class='ocrx_word' id='word_1_385' title='bbox 390 4088 471 4140; x_wconf 75' lang='lat' dir='ltr'>cuper</span> <span class='ocrx_word' id='word_1_386' title='bbox 494 4089 538 4123; x_wconf 88' lang='lat' dir='ltr'>me</span> <span class='ocrx_word' id='word_1_387' title='bbox 553 4078 583 4123; x_wconf 89' lang='lat' dir='ltr'>et</span> <span class='ocrx_word' id='word_1_388' title='bbox 610 4072 656 4140; x_wconf 82' lang='lat' dir='ltr'>qni</span> <span class='ocrx_word' id='word_1_389' title='bbox 675 4073 776 4126; x_wconf 89' lang='lat' dir='ltr'>iniuria</span> <span class='ocrx_word' id='word_1_390' title='bbox 792 4087 835 4122; x_wconf 87' lang='lat' dir='ltr'>me</span> <span class='ocrx_word' id='word_1_391' title='bbox 862 4071 995 4133; x_wconf 90' lang='lat' dir='ltr'>oderunt,</span> <span class='ocrx_word' id='word_1_392' title='bbox 1022 4070 1194 4140; x_wconf 83' lang='lat' dir='ltr'>multiplicati</span> 
     </span>
     <span class='ocr_line' id='line_1_43' title="bbox 101 4140 1193 4210; baseline -0.004 -15"><span class='ocrx_word' id='word_1_393' title='bbox 101 4142 194 4198; x_wconf 57' lang='lat' dir='ltr'>aunt?</span> <span class='ocrx_word' id='word_1_394' title='bbox 214 4153 245 4196; x_wconf 88' lang='lat' dir='ltr'>et</span> <span class='ocrx_word' id='word_1_395' title='bbox 262 4141 376 4193; x_wconf 82' lang='lat' dir='ltr'>adibant</span> <span class='ocrx_word' id='word_1_396' title='bbox 400 4157 482 4205; x_wconf 88' lang='lat' dir='ltr'>eum,</span> <span class='ocrx_word' id='word_1_397' title='bbox 499 4141 548 4210; x_wconf 84' lang='lat' dir='ltr'>qui</span> <span class='ocrx_word' id='word_1_398' title='bbox 571 4150 724 4205; x_wconf 86' lang='lat' dir='ltr'>narrarent,</span> <span class='ocrx_word' id='word_1_399' title='bbox 743 4143 817 4194; x_wconf 88' lang='lat' dir='ltr'>bunc</span> <span class='ocrx_word' id='word_1_400' title='bbox 834 4140 879 4191; x_wconf 83' lang='lat' dir='ltr'>vei</span> <span class='ocrx_word' id='word_1_401' title='bbox 897 4142 974 4194; x_wconf 83' lang='lat' dir='ltr'>illurn</span> <span class='ocrx_word' id='word_1_402' title='bbox 994 4140 1060 4192; x_wconf 86' lang='lat' dir='ltr'>talia</span> <span class='ocrx_word' id='word_1_403' title='bbox 1077 4140 1113 4194; x_wconf 92' lang='lat' dir='ltr'>de</span> <span class='ocrx_word' id='word_1_404' title='bbox 1133 4141 1193 4210; x_wconf 76' lang='lat' dir='ltr'>ipro</span> 
     </span>
     <span class='ocr_line' id='line_1_44' title="bbox 102 4209 1194 4285; baseline -0.005 -18"><span class='ocrx_word' id='word_1_405' title='bbox 102 4216 231 4271; x_wconf 75' lang='lat' dir='ltr'>effutire:</span> <span class='ocrx_word' id='word_1_406' title='bbox 250 4213 382 4285; x_wconf 70' lang='lat' dir='ltr'>quosdam</span> <span class='ocrx_word' id='word_1_407' title='bbox 399 4211 482 4267; x_wconf 86' lang='lat' dir='ltr'>etiarn</span> <span class='ocrx_word' id='word_1_408' title='bbox 503 4209 671 4283; x_wconf 86' lang='lat' dir='ltr'>praeteriena</span> <span class='ocrx_word' id='word_1_409' title='bbox 690 4213 749 4284; x_wconf 83' lang='lat' dir='ltr'>ipae</span> <span class='ocrx_word' id='word_1_410' title='bbox 773 4209 910 4265; x_wconf 84' lang='lat' dir='ltr'>audiebat.</span> <span class='ocrx_word' id='word_1_411' title='bbox 929 4211 1049 4282; x_wconf 85' lang='lat' dir='ltr'>denique</span> <span class='ocrx_word' id='word_1_412' title='bbox 1068 4211 1097 4266; x_wconf 89' lang='lat' dir='ltr'>in</span> <span class='ocrx_word' id='word_1_413' title='bbox 1115 4209 1194 4266; x_wconf 76' lang='lat' dir='ltr'>nobie</span> 
     </span>
    </p>
   </div>
   <div class='ocr_carea' id='block_1_9' title="bbox 0 0 1535 4900">
    <p class='ocr_par' dir='ltr' id='par_1_9' title="bbox 0 0 1535 4900">
     <span class='ocr_line' id='line_1_45' title="bbox 0 0 1535 4900; baseline 0 0"><span class='ocrx_word' id='word_1_414' title='bbox 0 0 1535 4900; x_wconf 95' lang='lat' dir='ltr'> </span> 
     </span>
    </p>
   </div>
  </div>
 </body>
</html>
