3042 4900
478 410 556 473 mu.
577 412 631 474 ιιι.
669 408 760 475 cor.
782 412 836 475 ιιι.
1102 388 1186 493 243

102 551 181 637 ξύλα
209 557 267 621 καί
290 552 428 641 χάματα
456 558 573 635 αύτούς
591 548 916 644 οἰκτροῖςόσκότιαζον
936 564 993 628 καί
1011 564 1045 629 όν
1063 566 1106 651 τῷ
1125 560 1187 655 ᾄδγγ

102 658 224 734 ζαῖντας
239 659 453 739 παρέπεμπον.
469 660 568 741 ἕτεροι
590 661 626 723 δὲ
639 662 695 724 κατ’
710 658 793 740 μετὰ
814 666 1027 746 προαιρέσεως
1047 662 1077 728 οῖ
1094 670 1189 731 πλέον

101 757 235 839 λσχυροδ
253 756 310 819 ιιαί
330 757 549 839 δυνάμενοιόκ
566 760 622 841 τῆς
643 755 745 842 όρμῆς
764 759 821 823 ναί
837 762 976 844 σπουδῆς
996 760 1069 840 τοός
1090 762 1189 829 ἀσθε-

100 854 267 937 νεστέρους
290 852 364 919 ἀντὶ
383 854 507 921 κλύδων
524 855 580 920 ιιαό
597 856 749 938 χάματος
769 856 917 944 ἔρριπτον
938 860 1075 945 ἀπηνῶς.
1107 859 1187 927 ἀλλά

77 955 159 1027 ὅσιοί
177 956 277 1018 ταῦτα
296 956 461 1029 ποιοῦντες
478 956 536 1018 orie
552 953 703 1021 δόύναντο
727 966 838 1042 φυγεῖν
857 958 1006 1039 ἀβλαβεῖς
1027 957 1105 1027 ἕντο
1125 962 1190 1027 τάν

103 1052 292 1131 όλεβολινιοῖν
318 1052 375 1118 καί
396 1052 653 1141 τζαγιιρατόρων,
685 1060 742 1120 κατ’
771 1060 805 1120 ἐκ
831 1056 894 1121 τοῖν
924 1060 1039 1141 τειχαῖν
1064 1060 1191 1145 βαρέων

102 1152 205 1215 λίθων
228 1144 546 1239 ἀποσφενδονούμτνα
583 1151 613 1218 οῖ
642 1156 779 1219 όναντίοι
811 1157 952 1239 αἰσχροῖς
982 1154 1112 1224 ἔπιπτον
1137 1160 1195 1223 rud

101 1247 205 1314 πολλοὶ
226 1247 492 1336 κατεπλήττοντο,
521 1250 578 1319 καί
604 1250 639 1317 όν
665 1256 729 1319 ταῖν
757 1254 919 1338 ἡμετέρων
943 1258 1025 1331 τινὲς
1043 1256 1195 1339 ἀβλαβεῖς

103 1348 164 1413 ου’νι
190 1350 389 1432 δναπέμτνον.
441 1348 590 1435 σύροντες
618 1355 655 1417 dl
675 1353 733 1417 ταί
749 1350 806 1429 τός
833 1352 989 1436 δλεβόλεις
1010 1355 1195 1433 adtritione

63 1450 161 1533 ιογῆς
180 1449 246 1512 ττόν
264 1446 405 1535 τάφρων,
428 1448 516 1537 aruir}
534 1454 626 1536 μάχη
645 1453 703 1517 eut*
721 1450 739 1516 ό
760 1453 896 1535 πόλεμος
915 1454 970 1519 καί
988 1451 1008 1538 ἦ
1029 1450 1193 1539 συμπλοκὴ

103 1550 263 1634 φριιιαλέα
283 1550 411 1629 ἐγένετο.
433 1552 489 1615 κατ’
507 1552 553 1625 εἷς
580 1551 663 1615 αάτό
686 1545 745 1615 ούιι
765 1550 861 1637 ἀγενῆ
882 1544 964 1636 ἦσαν
986 1556 1041 1619 ναί
1061 1552 1100 1619 τό
1119 1552 1196 1639 ἦμέ-

101 1670 197 1730 τερα·
219 1645 275 1712 κατ’
292 1641 550 1732 θαυμαστόταῆν,
573 1654 674 1735 χωρίς
696 1650 862 1734 ἐμπειρίας
875 1656 1013 1732 πολέμου
1036 1644 1122 1729 όντος
1140 1636 1197 1737 τὴύ

100 1750 192 1831 νίκην
222 1742 310 1829 τύχον
348 1750 402 1813 διό
426 1748 462 1815 τό
490 1750 726 1833 μεγαλοψύχως
759 1748 815 1817 καί
835 1752 984 1833 γονναίως
1014 1754 1198 1835 ἐντυχόντες

100 1846 233 1912 όοοίουν
260 1844 296 1911 τό
324 1844 405 1931 ότιὲρ
425 1846 572 1930 δύναμιν.
615 1852 670 1913 καὶ
698 1849 773 1923 τούς
792 1847 936 1935 τάφρους
957 1850 1132 1933 όνεγόμιζον
1153 1850 1198 1915 δι’

60 1939 179 2029 ιὸύλης
198 1947 254 2028 τῆς
273 1941 406 2031 ἡμέρας,
427 1946 518 2029 ἡμεῖς
539 1949 575 2011 tl
594 1950 639 2011 δι’
659 1940 734 2031 όλνγς
756 1951 812 2031 τῆς
833 1943 945 2023 νυκτός
965 1946 1024 2023 τός
1044 1942 1124 2025 ύλας
1143 1946 1226 2013 ruit

100 2040 139 2109 τό
168 2040 251 2121 ξύλα
278 2038 452 2128 εῖλτιζομεν
483 2043 624 2111 ἔσωθεν·
668 2048 725 2110 καί
748 2042 783 2110 αῖ
816 2043 941 2129 όρύξεις
970 2049 1034 2113 τοῖν
1064 2044 1198 2133 τάφρων

100 2144 313 2223 δναπέμειναν
336 2143 378 2219 οῖς
406 2147 462 2208 καί
488 2137 528 2227 ἧν
554 2142 589 2209 τό
609 2143 776 2230 πρότερον.
824 2141 900 2219 τούς
930 2144 966 2211 δὲ
990 2142 1197 2227 χαλάσαντας

101 2242 247 2325 πύργους
265 2244 346 2324 χούν
366 2242 448 2324 μετά
469 2245 633 2325 σπυρίδιον
651 2243 863 2326 βαστάζοντες
882 2243 938 2307 eor*
958 2244 1090 2327 ἀγγείων
1111 2246 1197 2323 ξυλί·

102 2361 166 2403 νων
187 2338 275 2405 οἴνου
297 2345 353 2405 καί
370 2336 488 2424 ἑτέροις
509 2342 614 2420 ξύλοις
634 2334 731 2419 cleu
751 2342 996 2423 ἀνεκαινίζομον.
1018 2340 1035 2405 ό
1058 2344 1093 2407 δὲ
1114 2342 1197 2426 ἀμη-

58 2442 162 2526 οοροῖς
180 2442 315 2526 θεωροῖν
342 2440 498 2530 ᾐσχύνετο
526 2439 579 2510 διά
613 2440 649 2508 τό
680 2441 738 2528 τὴν
763 2439 884 2540 βουλὴν
916 2442 1016 2509 αότού
1036 2434 1196 2538 άπρακτον

172 2639 200 2676 2.
219 2621 428 2696 δπόντεμντονΡ
525 2626 551 2679 3.
567 2623 615 2694 τῆς
633 2622 728 2682 αύτιῖν
746 2625 871 2692 σπουδῆς
885 2619 987 2688 τούςΡ
1073 2626 1099 2680 6.
1117 2624 1194 2692 τηλε-

170 2696 350 2766 ρολισιιωνλ)
435 2697 536 2766 τειχαῖν
555 2697 637 2749 omP
706 2714 732 2766 γ.
751 2695 1095 2770 ἀποοφενδονοόμενοιλ)
1165 2715 1192 2766 9.

171 2768 289 2837 ίμεινον
307 2767 327 2817 Ρ
404 2767 554 2838 τρλερόλεις
571 2783 616 2819 rec
633 2767 662 2829 P,
679 2764 816 2828 ἑλεπόλεις
834 2785 865 2838 pr
939 2769 977 2822 13.
993 2765 1194 2840 μεγαλόψυχον

169 2839 223 2890 κοιλ
237 2837 410 2906 remoror?
496 2843 533 2908 ¹4·
551 2838 717 2911 δγίμοζονΡ
780 2855 829 2909 ορ.
839 2837 1077 2963 &malturtel
1152 2839 1192 2889 ιδ.

170 2924 206 2961 π.
221 2899 294 2979 μετά
313 2907 460 2978 σπυρλδων
475 2913 613 2983 γέμοντας
625 2907 759 2982 χείματος
774 2913 823 2964 τιαλ
935 2925 978 2964 το.
995 2907 1057 2984 fiux-
1075 2909 1124 2961 ααλ
1139 2924 1192 2961 τια-

170 2987 340 3050 τεφρονελτο
359 2974 407 3032 διά
423 2978 444 3030 P

98 3147 252 3210 materiam,
271 3147 400 3200 nonnulli
418 3148 487 3200 adeo
506 3147 603 3201 ardone
620 3146 726 3219 abrepti
744 3147 864 3200 tentoria
885 3150 1078 3214 ruerentque
1095 3139 1190 3194 videre

98 3219 198 3269 mirum
216 3219 413 3287 spectaculum,
429 3235 485 3290 quo
500 3235 592 3281 eorum
609 3235 667 3271 non
689 3219 769 3289 pauci
787 3215 963 3270 multitudine
983 3223 1011 3266 et
1031 3215 1084 3265 loci
1104 3227 1190 3281 ungu-

98 3290 156 3340 rtiie
184 3289 335 3358 compreeal
358 3289 510 3352 cadebant,
534 3299 563 3342 et
582 3289 616 3342 ab
640 3291 687 3354 ile,
712 3290 759 3360 qui
785 3305 796 3340 s
834 3287 967 3338 debentur
991 3293 1019 3336 et
1041 3283 1189 3336 crudeliter

97 3357 271 3412 deliniebant
294 3359 367 3428 ligna
391 3368 420 3412 ct
435 3369 532 3412 terram
558 3364 699 3423 edoceam,
721 3359 818 3412 mirera
840 3358 914 3410 iliter
933 3371 983 3410 eoo
1003 3355 1063 3417 orti,
1081 3355 1133 3408 vivi
1153 3351 1189 3406 ad

97 3429 203 3482 luieroe
222 3430 407 3483 mittebantur.
432 3431 559 3484 nonnulli
582 3433 663 3484 etiam
679 3431 781 3483 viribus
809 3428 894 3480 validi
912 3443 943 3478 ao
960 3373 1065 3479 robusti
1085 3441 1118 3477 ea
1136 3425 1190 3476 iru-

96 3509 163 3569 peto
184 3507 217 3553 et
235 3500 413 3554 fertinatioue
429 3503 591 3554 infirmiores
607 3503 680 3554 ultro
698 3519 749 3572 pro
768 3501 847 3551 ramie
859 3499 904 3551 rel
920 3505 992 3550 terro
1011 3497 1126 3549 eaeeiler
1140 3494 1190 3548 de·

95 3570 255 3624 trudebant.
275 3571 323 3623 red
340 3589 423 3643 quum
441 3573 509 3626 baec
528 3573 657 3638 iacerent,
673 3589 731 3625 non
747 3579 874 3642 poterunt
892 3569 958 3621 aulul
971 3568 1092 3619 deuitare
1109 3565 1189 3618 bele-

115 3643 204 3694 olium
235 3649 265 3694 et
281 3642 398 3696 telorum
414 3645 493 3707 ieter,
512 3652 541 3697 et
566 3660 582 3695 a
600 3642 747 3714 grandibo·
766 3641 846 3702 euxia,
864 3655 934 3710 quae
952 3639 986 3696 de
1003 3654 1079 3689 muro
1096 3638 1188 3689 vibra-

95 3658 207 3777 bantur,
227 3711 361 3766 cadebant
378 3717 494 3785 turpiter
506 3713 676 3784 multumque
691 3711 913 3766 vulnerabantur:
932 3725 1086 3780 quanquam
1105 3707 1188 3759 etlam

95 3782 130 3835 de
147 3785 255 3836 noetrio
275 3785 403 3837 nonnulli
418 3803 474 3838 uon
492 3785 582 3837 illeeai
602 3791 766 3837 maneerurtt
779 3788 918 3835 traxerunt
934 3787 1026 3831 tamen
1044 3777 1186 3846 helepoler

94 3853 129 3905 ad
147 3869 227 3908 oram
244 3853 342 3918 soleae,
361 3866 390 3910 et
406 3855 562 3908 condictum
579 3871 610 3907 ac
621 3855 788 3908 decertatum
808 3859 849 3904 eet
865 3848 1041 3902 horribiliter.
1064 3855 1092 3899 ut
1111 3845 1186 3900 baud

93 3925 223 3978 imbellee
239 3927 326 3978 nortri
344 3943 373 3979 re
390 3929 595 3997 praebuerunt,
625 3943 657 3978 ac
676 3927 772 3976 mirum
791 3930 858 3986 erat,
876 3929 907 3973 ut
922 3920 997 3972 bello
1016 3915 1186 3970 inexercitati

93 3997 240 4048 victoriam
258 4003 351 4048 tomen
377 4005 558 4066 reportarent,
577 4003 607 4048 et
622 4011 719 4064 magno
742 3993 832 4044 animo
851 3999 879 4042 et
896 4005 1023 4060 generoee
1040 4003 1069 4039 ee
1088 3986 1187 4039 obiici.

94 4073 173 4118 enter
190 4080 275 4137 repra
296 4068 367 4120 vireu
384 4067 548 4118 laborarent
572 4068 666 4136 itaque
683 4081 766 4136 qurum
783 4062 827 4113 illi
846 4067 908 4112 toto
924 4061 969 4112 die
987 4059 1070 4110 lorene
1087 4057 1186 4127 imple·

93 4144 165 4200 rent,
183 4139 272 4190 noetri
289 4145 347 4189 tota
364 4145 445 4190 nocte
462 4137 613 4199 materiem,
629 4144 735 4199 terram,
759 4134 833 4201 liguo
847 4131 920 4182 intro
939 4129 1094 4200 egerebant,
1111 4125 1185 4180 unde

93 4205 184 4258 loeaae
201 4215 369 4270 meoaeruut,
389 4207 484 4278 qorler
504 4215 568 4258 ante
586 4203 701 4258 luerent.
729 4213 816 4258 torreo
833 4208 922 4252 autem
940 4215 1081 4252 eoucuaeer
1100 4197 1184 4251 buno

94 4276 123 4330 in
141 4277 272 4333 corbibus
292 4285 322 4332 et
334 4277 404 4332 rarir
422 4279 520 4348 lignei·
539 4275 648 4329 vinariis
660 4281 769 4345 aggesta
789 4270 967 4342 trabiboeque
984 4267 1181 4324 inrtaurubeut.
