3042 4900
315 284 399 371 530
607 306 772 372 rosums
817 299 1089 368 auaouosum

252 467 392 550 37sudas
405 462 518 544 γέγονε,
540 462 641 541 λέγειν
663 459 756 523 οὐδέν
778 452 899 520 ἔπεισιν
916 448 993 519 ἄλλο
1013 455 1128 539 ταότρς
1140 477 1176 536 ys
1195 458 1267 541 πέρι
1290 452 1312 540 ἢ
1330 472 1388 537 ψυ-

310 559 372 645 priv
394 554 512 643 ὅσαπερ
537 562 570 633 ές
594 560 736 638 α’δυμιάν
764 551 914 637 ἐμβάλλει
933 551 1033 648 πηγός
1055 577 1090 619 τε
1112 553 1314 640 δακρόοονὲξ
1337 558 1389 635 δμ-

309 654 419 741 μάτων
451 662 642 742 προχεῖσθαι
671 651 915 737 παρἀσκευόζει.
968 650 1085 728 πολλός
1113 657 1172 733 μὲν
1201 654 1264 738 γὰρ
1285 652 1388 719 κόλλει

309 760 366 823 καί
378 760 487 837 θέσει,
506 755 625 831 πολλός
638 758 673 820 δὲ
691 759 821 838 μεγέθει
833 752 889 817 καί
908 754 948 840 τῇ
962 754 1024 816 τόν
1044 756 1150 818 καλῶν
1169 756 1310 841 α’φδονέςι
1321 756 1390 838 μηδ’

310 851 385 923 όσον
407 859 505 920 εἰπεῖν
527 851 712 937 όπερέβαλε,
730 852 847 929 πόλεις.
890 852 944 917 καὶ
966 849 1013 939 [ii]
1036 854 1111 935 πρὶν
1132 855 1191 935 μὲν
1213 853 1314 935 ἐκόμα
1331 855 1414 928 reici

309 949 441 1039 ἀγαθοῖς
463 954 518 1020 καὶ
543 955 665 1040 πλοότιρ
682 955 727 1039 τῷ
745 953 1062 1040 θρυλουμένριρνυνί
1082 952 1126 1035 δέ,
1147 952 1191 1029 ὦς
1208 952 1253 1038 μὴ
1274 944 1390 1039 ὤφελε,

310 1057 438 1142 φροῦδα
457 1058 600 1139 γεγένητο
621 1050 722 1117 πάντα
737 1048 792 1115 κάέ
813 1054 914 1126 κακῶς
936 1049 1156 1117 α’νεσκεόαστο.
1199 1046 1226 1115 cii
1247 1054 1313 1127 πῶς
1332 1077 1391 1133 μα-

307 1152 447 1238 γνήτιδος
468 1156 584 1238 τρόπον
599 1157 643 1228 εἰς
657 1149 773 1235 ἑαυτόν
791 1145 932 1226 ἅπαντας
945 1144 1054 1232 εἷλκεν,
1076 1148 1255 1234 α’ποστῆναό
1269 1174 1303 1216 τε
1321 1151 1390 1216 τοδ-

306 1277 379 1329 τους
402 1255 471 1317 οόδ’
492 1254 668 1318 ὁπωστιοῦν
689 1250 887 1333 συνεχώρει]
927 1247 1065 1338 τοσοότιρ
1086 1252 1141 1315 κατ’
1159 1246 1220 1333 γόρ
1240 1259 1389 1338 κατεῖχεν,

308 1348 355 1427 οἷς
376 1347 493 1427 αότοός
523 1348 724 1431 πανταχόθεν
746 1344 998 1435 ἀφικνουμένους
1019 1351 1196 1431 ἐδεξιοῦτο,
1219 1350 1346 1431 δεσμοῖς
1364 1356 1432 1415 τίο

306 1575 364 1625 τας
385 1549 566 1633 αἱρεῖσθαι,
595 1553 650 1613 καί
677 1551 751 1631 μηδ’
780 1546 935 1612 ἐπανόδου
956 1551 1139 1630 μεμνῆσθαι
1158 1549 1279 1632 μηκέτι.
1322 1552 1391 1634 φεῦ.

306 1650 374 1713 ἀλλ’
395 1644 456 1734 ἤδη
475 1647 519 1733 μὴ
543 1648 616 1724 τοὺς
636 1650 669 1728 ἐξ
682 1649 860 1731 ἀλλοδαπῆς
881 1648 988 1729 μόνον,
1010 1641 1056 1723 οἷς
1076 1647 1221 1731 ὑπῆρξεν,
1243 1646 1285 1723 eie
1305 1644 1392 1734 ἔφην,

306 1752 369 1813 τῶν
391 1750 488 1833 αότῆς
508 1751 755 1813 ἀπολελαυκέναι
768 1744 918 1833 χαρίτων,
939 1742 1161 1822 ditissimis
1178 1740 1293 1832 ἤνεγκε,
1316 1750 1392 1833 φεό-

305 1873 371 1932 γειν
392 1844 448 1938 όλφ
471 1851 685 1934 παρεσκεύακε
705 1852 869 1935 προθυμόρι
888 1850 944 1910 καί
966 1843 1134 1929 Χόρυβδιν
1154 1840 1261 1929 οόσπερ
1282 1844 1432 1931 ἑτέραντΕ

282 2026 286 2036 x
309 1950 483 2013 δεδοικέναι
512 1951 567 2013 καί
578 1951 715 2031 τρέμειν.
770 1942 934 2031 όχρόνε,
954 1938 1005 2011 οἶα
1027 1948 1141 2021 σι’κτεις
1164 1942 1322 2033 ε’ξαΙφνης,
1342 1949 1393 2012 καὶ

305 2047 485 2129 μεταβολὰς
506 2050 574 2124 οἵας
594 2046 790 2135 ἑναπεργόζῃ
814 2056 880 2123 τοῖς
904 2046 1081 2132 πράγμασι.
1122 2050 1225 2121 καλῶς
1248 2070 1295 2127 σε,
1317 2044 1394 2129 πρός

306 2146 343 2211 τὸ
363 2148 573 2229 παλίντροπον
601 2142 784 2227 όπιδόντες,
804 2142 919 2231 τροχόν
939 2146 974 2209 τὸ
995 2148 1057 2211 τόν
1082 2148 1191 2229 σοφοῖν
1212 2142 1393 2227 ω’νομόκασι

306 2250 414 2327 γένος·
456 2246 640 2329 πάνταγὰρ
662 2239 727 2309 ἅνω
748 2249 803 2309 κατ’
833 2242 917 2309 κότον
937 2248 1112 2329 μεταεόθρς
1132 2247 1188 2307 καί
1206 2248 1393 2331 περιφέρεις.

247 2338 335 2425 376ui
357 2343 446 2420 πόλις
478 2342 498 2428 ἢ
527 2348 601 2431 πρὶν
628 2350 687 2427 μὲν
706 2342 813 2428 ιόσπερ
835 2348 912 2420 ναός
929 2346 962 2422 ἐξ
983 2344 1094 2427 ου’ρίοις
1114 2346 1265 2425 πλέουσα,
1287 2341 1436 2409 ἕπειταοο

310 2448 345 2509 δὲ
366 2448 544 2531 καταιγίδος
572 2448 674 2528 δεινῆς
700 2449 881 2530 ἑγερβεόοης
909 2446 1010 2521 κακῶς
1038 2449 1237 2530 συντριβεῖσα
1270 2448 1325 2508 καί
1342 2442 1394 2510 τόν

309 2547 548 2628 όναποκεόμενον
572 2549 703 2612 πλοῦτον
731 2547 937 2630 ἀποβαλοῦσα
970 2543 1026 2610 καί
1045 2547 1238 2622 α’πολέσασα,
1260 2539 1329 2610 οὐδ’
1353 2539 1391 2608 όν

308 2851 429 2912 tempore
447 2841 527 2894 bonis
545 2843 618 2894 iilius
639 2845 741 2913 perfrui
760 2861 914 2898 concessum
932 2851 982 2909 est,
999 2845 1071 2897 nihil
1088 2843 1122 2897 de
1139 2860 1171 2896 ea
1188 2844 1265 2898 aliud
1279 2845 1393 2898 occurrit

309 2933 389 2985 quam
411 2929 479 2984 quae
499 2915 713 2982 desperationem
731 2917 821 2967 animo
841 2917 990 2968 conciliant
1016 2925 1044 2968 et
1065 2916 1153 2970 sontes
1172 2917 1341 2967 lacrimarum
1360 2932 1392 2966 ea

308 2985 395 3037 oculis
414 2993 584 3054 extorquent.
622 3002 739 3055 namque
760 2995 788 3038 et
805 2989 857 3040 situ
876 2997 904 3038 et
921 2985 1119 3056 pulchritudine
1135 2987 1240 3050 multas,
1258 2987 1393 3056 magnius-

308 3056 373 3108 dine
393 3064 423 3108 et
440 3073 527 3108 rerum
538 3056 704 3109 abundantio
724 3059 810 3110 multo
822 3058 914 3128 piures
926 3060 1046 3110 civitates
1066 3058 1243 3126 exsuperavit.
1280 3067 1310 3110 et
1326 3071 1394 3126 quae

263 3119 267 3136 '
309 3129 384 3198 prius
406 3127 483 3178 bonis
499 3128 624 3179 omnibus
642 3127 781 3191 affluebat,
803 3138 884 3198 atque
909 3129 942 3180 ab
963 3127 1087 3184 omnibus
1114 3127 1261 3185 dementis
1279 3127 1392 3191 diuitiis,

309 3216 382 3250 nune
406 3197 492 3268 (quod
510 3199 612 3249 utinam
631 3199 772 3250 avertisset
792 3199 869 3269 deus)
892 3199 1088 3252 omnibus'suis
1117 3200 1238 3269 partibus
1257 3202 1327 3251 iacet
1344 3198 1393 3250 de-

310 3279 415 3320 mortua
436 3277 466 3320 st
487 3270 603 3338 pessime
620 3278 790 3339 pertractata.
837 3285 852 3321 ο
872 3271 1008 3339 quomodo
1026 3270 1083 3334 ilia,
1104 3269 1217 3339 perinde
1236 3279 1318 3340 atque
1336 3287 1394 3320 naa-

311 3357 389 3409 gnm,
411 3356 503 3392 ornnes
522 3339 557 3391 ad
575 3357 603 3391 se
624 3341 749 3392 trahebat
763 3341 898 3410 avellique
915 3341 949 3394 ab
967 3359 994 3394 se
1011 3342 1087 3395 nullu
1102 3341 1182 3394 inodo
1201 3339 1394 3411 permittebat?

313 3413 351 3462 sic
371 3411 442 3460 enisu
463 3427 509 3461 eos
528 3411 675 3472 detinebat,
694 3429 761 3479 quos
781 3427 887 3482 quacun
910 3429 943 3463 ue
963 3430 977 3463 e
997 3413 1105 3480 regione
1123 3411 1298 3466 advenientes
1317 3411 1395 3464 donis

313 3480 478 3550 excipiebat,
504 3482 673 3549 vinculisque
704 3483 839 3534 amicitiae
864 3429 1097 3534 indissolubilibus
1129 3483 1340 3551 constringebat,
1367 3487 1396 3532 ut

212 3565 217 3574 “
312 3568 378 3621 pras
395 3568 427 3603 ea
447 3552 561 3672 patriam
581 3561 775 3621 postponerent
798 3561 827 3605 et
854 3555 888 3607 de
908 3553 996 3606 reditu
1021 3570 1128 3623 prorsus
1145 3555 1301 3608 memoriam
1317 3553 1396 3604 arnit-

314 3631 412 3675 terent.
470 3639 511 3683 eu‚
531 3623 593 3673 hess.
636 3632 816 3674 verumtamen
845 3642 917 3676 nunc
944 3642 999 3676 non
1020 3633 1124 3676 tantum
1150 3623 1285 3688 advenas,
1313 3639 1395 3695 quos,

315 3703 346 3745 ut
365 3693 430 3754 dixi,
450 3693 687 3759 iiiius‘gratiarum
705 3697 850 3764 participes
868 3695 927 3746 fieri
945 3695 1066 3762 contigit,
1085 3695 1133 3746 sed
1152 3696 1232 3747 etiam
1253 3713 1321 3765 quos
1341 3697 1396 3763 ipsa

316 3763 422 3824 extulit,
442 3765 515 3814 omni
530 3763 618 3813 studio
637 3766 725 3828 sarpam
750 3768 868 3833 arripere
886 3783 997 3834 eamque
1011 3766 1095 3817 veluti
1114 3765 1268 3832 Charybdin
1287 3765 1397 3816 alteram

316 3833 519 3902 perhorrescere
530 3843 558 3885 et
570 3833 696 3885 sietestari
710 3837 805 3903 coegit.
832 3852 848 3886 ο
864 3844 980 3904 tempus,
999 3851 1130 3904 quaenam
1146 3845 1256 3906 repente
1276 3836 1397 3908 parturis,

318 3913 347 3956 st
366 3921 494 3973 quasnam
514 3906 592 3955 rebus
611 3905 813 3958 immutationes
833 3906 950 3958 inducis!
969 3909 1070 3976 optime
1089 3915 1125 3967 te,
1144 3909 1191 3975 qui
1216 3917 1286 3960 retro
1305 3907 1352 3959 abs
1371 3913 1398 3956 te

319 3976 409 4025 cannia
426 3977 544 4026 converti
570 3992 734 4044 conspexere
759 3979 907 4045 sapientes,
937 3987 1018 4028 rotam
1041 3987 1239 4045 nuncuparunt,
1258 3979 1346 4028 omnia
1364 3976 1399 4026 si-

321 4045 429 4114 quidem
449 4063 548 4114 suasque
564 4040 654 4114 deque
671 4049 725 4114 agis
744 4047 881 4116 (liscisque.
904 4067 920 4098 o
935 4049 999 4100 urbs
1018 4059 1097 4103 antea
1116 4057 1197 4100 ventu
1215 4050 1334 4100 secundo
1353 4047 1400 4098 sd-

320 4118 458 4183 naviqana,
476 4118 646 4185 postmodum
666 4117 724 4168 dira
741 4128 901 4189 tempestate
925 4129 1017 4171 coorta
1042 4121 1158 4189 pessime
1179 4121 1309 4180 contrita,
1323 4134 1400 4186 repe-

321 4189 381 4239 sitis
401 4187 431 4238 in
450 4197 478 4238 te
495 4188 598 4240 divitiis
617 4191 721 4244 arnissis
739 4198 822 4261 atque
840 4190 1004 4262 deperditis!
1049 4207 1128 4244 nemo
1147 4189 1275 4262 equidem
1296 4199 1401 4244 tuorum
