3042 4900
334 290 419 378 356
646 317 819 380 cronon
849 314 1093 380 ruuauanan

327 468 439 536 Ἀοίιιν
460 470 517 532 καί
537 465 717 532 Αἰθιοπίαν
738 461 888 550 Περσίσιν
911 487 944 529 το
972 465 1028 529 καί
1043 461 1158 528 ‘letter
1183 461 1239 526 καί
1256 461 1421 546 Ἀράβιον.

328 567 346 630 ό
369 569 406 632 δὲ
427 565 533 650 ἕτερος
553 562 698 649 Ἰωάννης
717 567 774 629 καί
791 561 891 640 αῦτός
905 564 1098 648 Ἑλληνικοῖς,
1118 565 1174 625 καί
1190 556 1291 647 ἐδόθη
1310 566 1357 638 τίς
1377 563 1419 628 τά

327 665 410 752 μέρη
430 668 484 750 τῆς
508 661 665 748 Εόριόπης
693 666 750 728 καί
778 661 837 738 τάς
863 662 980 747 νήσσας
1000 662 1057 726 καί
1072 658 1151 726 ἔνθα
1170 661 1371 744 εὑρίσκονται
1388 661 1423 728 οἱ

316 755 474 849 Ἕλληνος.
495 762 551 827 καί
564 756 663 840 οότως
676 760 809 846 διεδόθη
821 759 857 826 τό
874 763 1056 844 τδαγμίλιον
1070 764 1116 836 εἰς
1129 759 1184 825 τόν
1193 757 1308 842 κόσμον
1318 759 1422 827 όταν·

329 889 368 928 τα
389 865 429 926 ον’
450 859 530 944 μετά
564 864 636 943 βίας
667 863 742 928 οῦδὲ
770 862 841 939 μετ’
869 855 1003 944 ἀνάγκης
1023 859 1100 924 οῦδδ
1130 858 1215 941 μετά
1230 864 1344 945 ξίφους
1366 860 1424 925 καί
1429 865 1449 928 5

327 959 463 1048 σπάθης,
485 963 555 1026 ἄλλ’
574 961 608 1025 ἐν
633 953 736 1048 άγάπη
766 962 822 1024 καί
841 957 1001 1042 ἱλαρότητι
1029 953 1086 1024 καί
1105 962 1139 1024 ἐν
1158 956 1345 1023 ταπεινώσει
1367 959 1423 1023 εῦ-

326 1065 467 1146 ρίσκοντο
489 1055 691 1134 διδάσκοντες
724 1057 754 1124 οἱ
776 1056 948 1122 ἀπόστολοι
969 1055 1024 1122 τόν
1048 1053 1140 1140 λόγον
1159 1059 1216 1122 τοῦ
1235 1061 1325 1122 θεοῦ.
1365 1063 1424 1124 καί

326 1161 556 1244 άντὲστραπται
577 1155 614 1222 τά
636 1153 820 1242 πράγματα.
862 1154 1003 1240 τῶνγὰρ
1024 1149 1206 1221 άποστόλων
1217 1161 1422 1237 τυπτομένων

326 1259 583 1343 κολαφιζομίνων
614 1250 865 1341 λοιδοροομένων
894 1258 1094 1336 διωκομένων
1130 1253 1344 1322 διδασκόντων
1379 1256 1420 1322 ου’

327 1360 494 1424 κατέπιπτε
516 1355 550 1420 τό
566 1353 722 1440 κη’ρυμμα,
742 1355 811 1418 ἄλλ’
834 1355 937 1443 ἡμέρᾳ
956 1357 996 1442 τῇ
1015 1353 1118 1443 ἡμέρη
1138 1354 1346 1437 ἔμεγαλόνετο
1366 1352 1422 1420 καί
1433 1381 1466 1424 ιο

324 1456 477 1541 ηὐξάνετο
497 1452 532 1520 τό
558 1458 618 1518 τοῦ
638 1457 784 1537 Χριστοῦ
816 1457 1009 1538 ενάγμίλιον.
1058 1452 1417 1520 antenominati&

324 1556 553 1633 σπουδάζοντες
574 1557 630 1619 καί
655 1552 756 1618 πολλά
781 1550 997 1628 κτκοπιακότες
1017 1549 1162 1634 καλόψαι
1190 1551 1225 1617 τό
1253 1557 1312 1618 τοῦ
1338 1557 1421 1638 Χρι.

324 1658 403 1720 στοῦ
430 1648 547 1735 ὄνομα,
580 1655 632 1719 ἵνα
665 1651 709 1736 μη
743 1650 922 1740 ὁμολογήσῃ
953 1652 1053 1717 ον’τόν
1074 1677 1122 1728 τις
1148 1655 1213 1718 τιόν
1242 1649 1421 1733 ἀνθρώπων

323 1752 413 1836 θεόν,
435 1749 452 1816 δ
475 1755 510 1818 δὲ
532 1756 625 1819 τοῦτο
644 1752 811 1838 τολμήσων
831 1754 960 1841 θανάτῳ
983 1747 1204 1834 άποθανιῖται,
1227 1753 1324 1819 αῦτοί
1339 1755 1419 1818 ἐκεῖ·

324 1877 372 1919 νοι
391 1851 637 1937 κατανοήσαντος
658 1851 717 1937 τὴν
737 1848 895 1936 άλήθειαν
907 1855 1100 1938 προσέπεσον
1114 1851 1169 1918 καί
1186 1851 1462 1938 προσεκόνησαντό

324 1951 352 2018 oi
374 1959 433 2034 μὲν
453 1961 520 2028 τοῖς
541 1950 727 2028 ἀποστόλοις
755 1951 785 2017 οἱ
808 1955 844 2017 δὲ
867 1960 934 2028 τοῖς
954 1953 1081 2017 ἐκείνων
1102 1950 1267 2036 διαδόχοις
1286 1956 1342 2016 καί
1355 1977 1418 2034 μα·

324 2056 458 2136 θηταῖς,
480 2053 536 2114 καί
562 2053 752 2116 ἐπίστευσαν
774 2046 824 2114 ότι
852 2048 947 2125 αότός
970 2049 1090 2115 ε’στινό
1113 2048 1265 2134 ἀληθινός
1283 2049 1379 2131 θεός,
1399 2045 1434 2147 δ’

326 2149 485 2232 Χριστός,
515 2149 611 2225 αότός
633 2151 719 2214 ἐστιν
739 2145 756 2211 ό
784 2147 852 2224 υἱός
872 2152 930 2213 τοῦ
948 2152 1027 2213 θεοῦ
1046 2152 1105 2214 τοῦ
1128 2151 1257 2232 ζιῦντος,
1276 2152 1334 2215 καί
1348 2152 1418 2216 iiu-

326 2249 443 2314 ποῦντο
463 2251 520 2314 καί
537 2246 662 2313 ἔκλαιον
682 2245 742 2322 τάς
761 2243 987 2332 παρελθοῦσας
1010 2245 1149 2332 ἡμέρας,
1178 2246 1216 2323 ἃς
1234 2249 1417 2335 περιεπάτη-

326 2373 387 2416 σαν
409 2351 443 2415 ἕν
464 2350 503 2437 τῇ
523 2350 632 2435 σκοτίρι
652 2348 707 2411 καί
736 2349 776 2434 τῇ
796 2348 897 2436 πλάνη
920 2351 979 2413 τοῦ
997 2351 1136 2428 Σατανᾶ.
1179 2345 1197 2412 ό
1220 2351 1256 2414 δὲ
1279 2347 1457 2430 aurire-oo

325 2454 384 2525 θος
402 2446 477 2524 θεός
492 2446 547 2514 καί
568 2441 710 2531 ἐλεήμων
730 2448 857 2523 ἐδέξατο
878 2450 986 2512 αῦτιῦν
1003 2445 1060 2533 την
1078 2444 1262 2531 μετάνοιαν,
1282 2450 1338 2512 καί
1359 2445 1414 2511 αό-

326 2549 402 2624 τοῦς
421 2544 496 2625 τοός
516 2545 688 2623 διώκοντας
709 2546 744 2611 τό
768 2549 825 2613 τοῦ
837 2550 983 2633 Χριστοῦ
1001 2540 1100 2630 όνομα
1120 2550 1290 2633 κατέστησε
1310 2548 1414 2629 notui·

396 2746 421 2783 2.
441 2732 489 2783 καὶ
506 2728 591 2795 ἐδόθη
609 2758 644 2770 -
661 2728 774 2801 uincor]
794 2734 833 2794 εἰς
852 2730 902 2799 την
919 2728 1044 2804 Πότμον
1064 2735 1113 2787 καὶ
1125 2730 1250 2806 Ἔφεσον
1268 2732 1288 2785 Ρ
1327 2766 1333 2776 .
1377 2747 1411 2799 ιη.

395 2800 411 2857 ό
433 2798 475 2855 cii.
495 2832 527 2845 -
553 2802 630 2858 ἐστιν
648 2816 693 2852 ona
712 2799 732 2853 P

345 2987 418 3033 atum
436 2988 477 3033 est
494 2980 523 3032 in
540 2978 612 3042 Asia,
629 2976 786 3098 Aethiopia,
804 2979 906 3043 Pereia,
933 2980 1009 3033 India
1034 2988 1064 3033 et
1085 2982 1199 3050 Arabia3
1227 2990 1355 3054 quartus,
1371 2982 1413 3033 lo·

337 3051 527 3115 1annea‚item
547 3066 649 3120 graece,
669 3064 736 3119 quot
763 3050 792 3099 in
811 3060 888 3118 parte
900 3052 1024 3120 Europae
1042 3061 1071 3104 et
1089 3070 1140 3123 per
1159 3054 1262 3107 incuban
1281 3071 1313 3107 ac
1331 3054 1413 3121 regio·

327 3140 376 3175 ner
395 3140 411 3175 a
431 3124 540 3175 Graecis
561 3120 697 3173 habitatae
714 3120 845 3171 innotuit.
893 3124 932 3173 ita
958 3125 1129 3191 evangelium
1154 3142 1203 3193 per
1221 3132 1309 3177 totum
1327 3124 1415 3176 orben

326 3202 458 3247 terrarum
475 3210 532 3246 non
549 3192 576 3246 ri
597 3200 624 3243 et
637 3190 784 3253 violentia,
803 3208 853 3243 nec
872 3208 937 3244 enee
957 3202 984 3245 et
996 3194 1096 3263 gladio,
1115 3195 1284 3263 divulgatum
1303 3204 1353 3258 eat,
1370 3192 1415 3246 ιτδ

327 3267 373 3335 pie
393 3273 422 3317 et
450 3265 521 3316 laete
549 3272 579 3316 et
596 3262 719 3313 modeste
745 3262 877 3331 apostolia
901 3263 1013 3316 verbum
1036 3264 1082 3317 dei
1100 3265 1271 3318 docentibus.
1308 3274 1415 3335 eratque

330 3352 418 3387 rerum
436 3338 514 3405 quati
533 3334 710 3405 repugnantia
731 3331 873 3401 quaedam.
893 3351 954 3386 nam
967 3352 1052 3403 quum
1070 3337 1188 3407 apostoli
1206 3345 1417 3407 percuterentur,

331 3404 546 3473 flagellarentur,
574 3404 702 3457 conviciis
733 3402 914 3467 afficerentur,
933 3406 1134 3473 exagitarentur
1157 3408 1229 3459 inter
1255 3407 1418 3468 docendum,

330 3492 387 3527 non
407 3492 535 3545 oppressa
552 3483 594 3526 eat
615 3492 707 3527 eorum
719 3473 853 3533 doctrina,
874 3475 923 3527 aet
941 3476 970 3527 in
989 3476 1047 3529 dieo
1065 3496 1136 3531 nova
1152 3479 1320 3532 incrementa
1331 3478 1419 3546 cupie-

329 3544 378 3597 bat
399 3554 427 3597 et
446 3547 543 3598 iaetiua
575 3545 760 3597 efflorescebut
787 3546 955 3613 evangelium
975 3547 1084 3599 Christi.
1130 3549 1178 3617 qui
1207 3552 1281 3601 euim
1307 3549 1418 3603 muttum

331 3632 430 3685 operae
441 3614 637 3685 impendebant
646 3617 815 3684 multumque
826 3616 1007 3679 enitebantur,
1017 3628 1048 3670 ut
1055 3620 1224 3672 occultarent
1235 3638 1335 3673 nomen
1344 3619 1420 3673 Chri·

330 3688 372 3748 sti,
392 3703 427 3739 ne
445 3688 507 3756 quia
525 3702 585 3743 eum
602 3684 682 3737 deum
696 3702 755 3737 ease
773 3686 906 3748 crederet,
923 3684 1011 3757 (quod
1048 3691 1078 3741 ui
1097 3690 1252 3751 conabitur.
1269 3700 1355 3743 morte
1372 3706 1420 3760 pe·

331 3760 431 3811 rituruo
451 3758 503 3827 eat)
522 3757 564 3808 ilii
579 3756 630 3825 ipsi
645 3758 736 3825 igitur,
749 3757 857 3825 cognito
873 3759 996 3821 veritate,
1016 3706 1166 3813 aboramnt
1176 3769 1206 3813 et
1222 3762 1345 3815 venerati
1361 3766 1422 3817 tunt

331 3827 469 3897 apostolos
486 3829 530 3879 vei
549 3844 714 3879 succcessorea
731 3837 757 3879 et
776 3826 924 3896 discipulos
940 3846 1041 3894 eorum,
1059 3838 1142 3900 utque
1160 3832 1346 3894 crediderunt,
1363 3847 1422 3883 euru

330 3916 421 3950 verum
442 3898 523 3952 deum
545 3906 574 3950 et
591 3897 726 3949 Christum
748 3906 777 3949 et
795 3898 881 3949 filiurn
902 3897 947 3950 dei
970 3902 1024 3952 vivi
1045 3917 1119 3964 eece,
1139 3919 1171 3954 ac
1189 3902 1323 3971 lugebant
1338 3912 1367 3957 et
1382 3903 1422 3954 ia-

331 3969 524 4022 mutabantur
538 3967 573 4021 de
591 3976 713 4036 tempore
734 3969 900 4036 praeterito,
927 3987 982 4039 quo
1002 3970 1122 4025 tenebris
1140 3982 1170 4025 et
1186 3974 1325 4027 erroribus
1347 3975 1422 4026 sua-

332 4054 382 4087 nae
402 4038 524 4093 obstricti
543 4040 662 4091 inerant.
706 4037 773 4091 deus
797 4046 888 4093 autem
906 4042 1025 4109 optimur
1053 4051 1082 4095 et
1106 4044 1258 4097 misericors
1275 4042 1423 4115 accipiebat

331 4110 509 4161 mutationem
527 4110 626 4163 mentia
645 4126 753 4172 eorum,
774 4118 804 4161 et
818 4108 869 4161 hor
894 4110 981 4179 ipsos,
999 4114 1048 4183 qui
1073 4114 1312 4184 peraequebantur
1327 4130 1424 4168 nomen

333 4176 442 4244 Christi,
460 4188 582 4250 pactores
600 4190 629 4237 et
646 4180 788 4251 magistros
808 4188 837 4235 et
861 4182 972 4237 nuutios
999 4182 1077 4243 verbi
1094 4193 1123 4241 et
1138 4185 1257 4241 uominir
1283 4186 1326 4241 aui
1342 4186 1425 4242 iacie-
