3042 4900
485 271 563 334 Lrn.
584 263 639 335 nr.
668 267 760 337 cta.
778 273 849 338 vn.
1145 247 1226 336 281

133 415 214 490 τούς
238 414 413 492 ἐδεξιοῦντο
444 421 501 482 κατ’
528 421 564 484 ἐκ
588 423 650 486 τῶν
667 423 784 504 τειχῶν
807 414 1058 506 ἀντεκρημνιζον,
1084 427 1144 491 καί
1159 451 1231 492 τινα

131 517 199 578 τῶν
232 518 409 592 πολεμικῶν
437 511 579 600 ἀρχάνοον
605 521 662 583 καί
680 523 803 584 σκευῶν
823 524 886 585 τῶν
907 523 1056 587 ἐναντίαιν
1075 529 1230 590 κατέσεισ-

134 635 221 675 σαν·
274 610 330 675 καί
361 613 395 690 ἐξ
422 614 609 700 ἀμφοτέρων
637 619 826 703 anianensis
848 621 986 697 θάνατος
1006 620 1153 707 ἐγεγόνει,
1173 623 1232 690 καὶ
1328 665 1333 677 ·

132 711 281 789 μάλιστα
302 713 338 774 εἰι
358 715 414 776 τοῦ
435 717 498 779 τῶν
521 711 668 800 Τοάρκοον
682 719 810 802 μέρους.
834 719 951 802 ,gladi
971 719 1002 791 ui
1022 722 1153 808 ἀστέρες
1171 727 1230 790 τοῦ
1283 774 1288 787 .

106 807 285 914 5οάρανοῶ
307 805 554 903 &mainarius
572 811 617 898 μὴ
638 815 821 900 φαίνεσθαι,
841 823 899 883 rosi
917 818 1087 906 φωτόςτῆς
1105 823 1229 907 ἡμέρας
1279 804 1289 893 :¹
1348 872 1355 885 .

99 947 103 954 -
135 901 355 990 αάχάζυντος,
374 912 431 974 καί
458 913 493 976 ἐκ
519 917 582 978 τῶν
602 915 765 1008 ἀνατολῶν
787 913 822 981 τά
849 913 1009 1003 ρὀδυειδὲς
1028 924 1086 1004 τῆς
1104 925 1228 1005 νιριοΐας
1280 907 1286 917 ’

104 999 109 1006 ’
133 1001 324 1091 ἀνέφαινον,
359 1011 422 1074 nais
455 1009 489 1076 ssi
512 1015 633 1098 πλῆθος
662 1017 725 1081 τῶν
744 1022 903 1098 πολεμίων
937 1015 980 1095 ῶς
1000 1021 1172 1102 σχοάυισμυ
1192 1025 1229 1084 ἓν

134 1102 277 1188 ἐγεγόνει
298 1107 333 1170 έν
353 1113 414 1173 τοῦ
434 1106 504 1187 issia
522 1115 641 1197 μέρους
661 1115 716 1198 τῆς
735 1113 857 1196 πόλιας
876 1115 936 1191 ἕως
954 1120 1013 1182 τοῦ
1033 1115 1154 1201 ἑτέρου.
1174 1117 1231 1183 καὶ
1342 1092 1348 1168 ἶ

133 1203 174 1270 τά
198 1197 319 1288 ὄργανα
355 1205 396 1272 τά
418 1211 582 1295 πολεμικά,
601 1211 750 1294 τάμττανά
768 1238 805 1279 τε
831 1216 889 1280 κατ’
907 1209 989 1282 ἀλλα
1007 1216 1153 1301 κεράτινα
1173 1220 1230 1282 κατ’
1285 1226 1289 1235 ’
1344 1193 1351 1221 ³

88 1307 203 1372 ιονιάυ
223 1303 338 1390 ἕτερον,
359 1311 548 1393 κρούσαντες
570 1313 627 1376 καί
639 1323 762 1399 φωναῖς
782 1317 932 1399 ἰσχυροῖς
951 1309 1164 1396 ἀλαλάξαντες
1182 1321 1229 1394 εἰς

132 1401 197 1481 τάς
217 1399 374 1488 ἓλεβόλεις
393 1407 497 1485 πάσας
518 1409 554 1474 τὸ
581 1415 646 1496 πῦρ
670 1414 828 1495 ἐνέβαλον,
848 1415 906 1478 sai
921 1413 1037 1492 πάντες
1058 1412 1227 1499 ripaduun·

132 1500 193 1568 δάν
219 1505 254 1576 ἐν
277 1501 326 1570 ἔνι’
346 1511 447 1596 καιρῷ
466 1511 522 1573 καί
552 1503 621 1597 cipp
643 1506 695 1575 άιά
717 1535 752 1576 τε
769 1515 891 1596 χέρσου
914 1517 971 1579 κατ’
987 1514 1152 1600 θαλάσσης
1170 1512 1229 1599 τὴν

132 1603 277 1688 ἐμβολὴν
296 1607 352 1670 κατ’
369 1604 522 1692 σάρρηξιν
541 1611 599 1672 τοῦ
618 1613 756 1690 πολέμου
782 1613 840 1675 καί
857 1613 1042 1698 συμνιλοκην
1059 1617 1226 1699 ἐποίησαν.

133 1705 316 1787 θαρσαλέοι
346 1708 383 1770 δέ
411 1729 495 1782 τινες
521 1708 732 1792 πολεμὴτορες
752 1707 815 1794 ,τάς
833 1715 1047 1795 μηρινθοόδεις
1074 1718 1255 1794 κλίμακαςΒ

89 1803 313 1871 τδένιανέουσι.
361 1804 401 1870 τά
428 1805 467 1892 ἱιλέ
485 1807 563 1890 βέλη
595 1815 727 1871 παντοῖα
756 1806 837 1873 κατά
865 1813 929 1874 τῶν
955 1812 991 1876 ἐν
1010 1821 1075 1888 τοῖς
1098 1809 1229 1894 τιάργοις

134 1901 263 1990 ἀφίετο.
304 1907 360 1968 καί
384 1899 483 1988 άραις
508 1907 568 1986 μέν
598 1905 656 1970 sisio
677 1906 696 1989 ἦ
717 1895 807 1992 μάχη
827 1907 983 1992 ἐνεστήκει
1004 1915 1154 1975 στενοῦσα
1173 1913 1231 1974 και*

133 2005 307 2086 φρικαλέα,
328 1997 367 2087 ἦν
387 2005 424 2069 δέ
443 2026 509 2079 ους
528 2001 568 2068 τά
592 2005 659 2070 τῶν
673 2009 876 2089 Χριστιανῶν
890 2009 1152 2091 ἐπικρατέστερα·
1173 2011 1230 2071 καί

133 2100 196 2186 γάρ
219 2099 255 2166 αῖ
283 2101 514 2187 κλιμακοφόροι
532 2103 671 2188 τριήρεις
700 2103 760 2170 σάν
780 2107 822 2194 τῇ
839 2104 965 2196 γεφάρρ
986 2101 1144 2191 ἄπρακτοι
1163 2109 1228 2171 τῶν

132 2203 251 2283 τειχῶν
278 2201 341 2266 τῶν
372 2200 515 2288 άιλραίοιν
546 2197 821 2290 ἀαεκροάοθησαν,
850 2207 907 2272 καί
926 2202 966 2270 τά
986 2210 1048 2272 τῶν
1072 2211 1171 2271 λίθων
1190 2207 1227 2270 s’ss

91 2300 192 2382 τοτῆς
223 2298 342 2376 πόλιάς
373 2301 532 2387 ἀφετήρια
570 2305 737 2379 πλείστους
770 2306 836 2370 τῶν
862 2305 1014 2371 εὐαντάαν
1043 2307 1227 2389 Ἀγαρηνῶν

133 2401 343 2485 διέφθειραν,
369 2399 424 2467 καὶ
445 2403 480 2467 ἐκ
499 2405 556 2487 τῆς
573 2406 694 2487 χέρσου
715 2400 835 2487 μέρους
861 2402 901 2470 τά
922 2399 1020 2488 ὅμοια
1041 2402 1118 2481 τούς
1135 2407 1228 2470 isos·

131 2500 222 2575 τιόυς
254 2504 310 2565 καί
336 2510 446 2587 χεῖρον
467 2500 684 2583 ἐδεξιώσαντο.
739 2508 795 2569 καὶ
822 2498 863 2588 ἦν
890 2505 1226 2585 castrametatos,

135 2594 242 2686 ῶσπερ
265 2604 380 2687 νεφέλη
396 2598 539 2686 σκοτεινὴ
559 2603 765 2669 καλύπτουσα
784 2600 840 2669 τὸν
862 2597 952 2689 ἥλιον
970 2608 1029 2671 καί
1048 2601 1106 2672 τὸν
1129 2605 1227 2690 osipu-

204 2812 232 2865 9.
252 2792 368 2867 κεράτια
385 2796 405 2849 Ρ
495 2812 534 2848 ss.
554 2794 714 2867 τηλεβόλους
730 2796 750 2849 Ρ

134 3008 235 3061 camini
252 3008 338 3060 instar
357 3007 463 3061 exarsit
481 3010 566 3062 nostri
580 3008 688 3064 sortiter
707 3011 879 3074 resistebant,
896 3010 969 3061 male
990 3026 1035 3063 eos
1052 3008 1226 3081 excipiebant

135 3090 164 3131 et
182 3079 217 3131 de
234 3078 377 3131 moenibus
400 3078 595 3145 deturbabant,
615 3092 644 3135 et
666 3083 814 3134 nonnullas
832 3078 969 3133 machinae
997 3088 1026 3132 st
1045 3082 1224 3133 instrumenta

134 3150 237 3202 heilica
267 3166 358 3201 eorum
379 3148 592 3219 (tiningeham,
610 3162 651 3215 et,
677 3170 760 3224 quum
778 3154 915 3221 utrimque
931 3149 1069 3215 caderent,
1092 3169 1107 3203 e
1128 3151 1226 3204 Tuscis

134 3230 226 3273 tamen
245 3220 337 3289 plures
357 3220 498 3273 cadebant.
520 3222 566 3273 ubi
585 3232 675 3276 autern
700 3224 796 3276 stellas
815 3221 940 3275 incaelo
958 3221 1057 3273 micare
1076 3230 1224 3286 cessarunt,

133 3293 289 3343 lucescente
307 3292 410 3343 lurniua
434 3289 500 3355 diei,
519 3302 548 3346 et
566 3293 602 3345 ab
622 3294 728 3347 oriente
751 3311 828 3347 rores
846 3309 942 3345 aurora
960 3292 1120 3361 comparuit,
1138 3296 1225 3346 ansuis

131 3360 254 3414 bostium
273 3361 420 3415 multitudo
450 3363 562 3433 perinde
588 3381 618 3416 ac
637 3364 710 3417 lunis
728 3366 762 3415 ab
789 3381 843 3416 una
861 3371 939 3433 parte
959 3363 1035 3415 urbis
1054 3362 1089 3415 ad
1111 3364 1225 3416 alteram

130 3432 276 3503 pertinuit.
303 3434 410 3501 organis
432 3432 548 3497 bellicis,
569 3442 623 3501 tyra
644 3436 711 3499 anis,
730 3435 804 3488 tubis
836 3435 950 3497 corneis,
968 3434 1080 3505 reliquis
1097 3435 1224 3488 omnibus

132 3510 285 3573 strepentes
305 3512 333 3555 st
348 3520 445 3572 magno
457 3453 738 3569 frementesclssnore‚
755 3508 784 3556 in
804 3522 897 3557 omnes
915 3504 1054 3574 belepoles
1074 3505 1136 3575 igne
1156 3523 1223 3558 con-

130 3574 213 3637 iecto,
235 3575 327 3626 cuncti
346 3576 525 3639 concorditer,
545 3578 640 3629 eoderu
657 3585 781 3645 tempore
800 3585 829 3629 et
846 3575 921 3639 hora,
939 3584 1011 3627 terra
1028 3578 1150 3645 marique
1168 3576 1222 3627 im-

128 3646 298 3714 pressionem
318 3644 423 3698 iaciunt
435 3654 463 3699 st
475 3664 591 3716 pugnarn
608 3648 751 3699 lacessunt
772 3645 882 3716 quidam
899 3646 1055 3699 audaciores
1072 3644 1221 3698 bellatores

129 3720 178 3785 per
195 3715 282 3767 scalas
300 3724 426 3787 stuppeas
445 3712 604 3770 ascendunt.¹
623 3719 710 3771 omnis
727 3718 833 3786 generis
853 3718 908 3769 tela
924 3718 954 3768 in
972 3734 1027 3779 eos,
1045 3716 1139 3787 quiin
1160 3724 1220 3767 tur-

130 3785 205 3838 ribus
225 3794 311 3849 erant,
325 3788 515 3843 coniiciuntur.
533 3786 612 3843 boras
633 3788 699 3841 duas
726 3789 825 3841 acriter
842 3796 871 3839 et
887 3786 1054 3840 horribiliter
1073 3795 1221 3855 pugnatum

129 3866 178 3921 est,
197 3874 230 3909 ac
246 3857 371 3926 superior
389 3858 480 3911 forsan
498 3867 557 3911 erat
574 3876 614 3911 res
633 3859 795 3912 Christiana.
814 3874 875 3909 nam
893 3860 1025 3915 triremes.
1043 3856 1142 3925 quibus
1160 3874 1222 3908 sca-

128 3928 172 3979 lae
191 3926 389 3997 portabantur,
416 3944 475 3979 curn
504 3938 588 4013 ponte
608 3946 636 3982 re
660 3928 762 3981 infecta
785 3946 801 3979 a
827 3930 911 3981 muris
931 3929 1071 3980 maritimis
1096 3929 1221 3997 repulsae

129 4007 209 4061 sunt,
229 4006 340 4049 essars
359 4014 392 4048 ex
409 3998 477 4049 urbe
503 4007 602 4053 ructata
622 4000 803 4069 Agarenorurn
831 3999 962 4068 plurimos
978 3999 1160 4059 extinxerunt,
1179 4008 1222 4051 at·

129 4086 211 4139 ques
234 4076 304 4120 terra
318 4067 445 4121 similiter
457 4084 488 4119 nc
522 4070 579 4121 eius
594 4072 674 4123 etiarn
684 4068 778 4123 hostes
794 4069 980 4138 excipiebant:
999 4075 1111 4138 eratque
1129 4066 1222 4120 videre

130 4156 231 4195 norum
252 4138 451 4210 spectaculum,
472 4086 557 4193 solens
575 4148 604 4194 et
621 4141 727 4195 coelura
741 4148 875 4223 tanquam
892 4139 1006 4193 obscura
1021 4138 1094 4193 nubs
1110 4139 1222 4193 insola-
