3042 4900
327 257 407 349 138
636 287 810 354 cronon
841 284 1084 354 consumto

319 439 426 504 ταῦτα
446 436 507 504 oiri
528 443 641 524 χεῖρας
661 441 717 505 καί
736 440 887 516 ε’λθόντες
901 439 1059 519 ἐπέσομεν
1073 438 1148 521 περί
1167 435 1223 512 τὰς
1238 434 1342 513 πύλας
1363 436 1418 500 τοῦ

318 538 467 620 κῦσερου.
511 534 556 612 (ῦς
585 541 622 604 δὲ
640 542 791 620 ἐκείμεθα
811 541 847 624 τῇ
877 538 919 614 κς’
943 540 1001 601 τοῦ
1023 539 1126 602 αύτοῦ
1143 534 1242 622 μηνός
1262 537 1417 618 Μαρτίου

315 634 399 719 μετὰ
420 635 479 720 την
503 639 561 701 τοῦ
579 635 719 720 μεγάλου
749 636 915 720 σαββάτου
936 639 1129 703 ἀκολουθίαν
1154 630 1224 720 ἤτοι
1243 633 1301 721 τὴν
1320 637 1417 700 θειάν

314 738 547 819 μυσταγωγιλιν,
568 735 797 822 α’ριστήσαντες
814 737 1020 818 καθεζόμεθα
1034 738 1068 820 ἐν
1081 739 1121 824 τῇ
1141 736 1329 822 παρεμβολῇ
1344 725 1416 818 ἦτοι
1511 741 1512 808 ξ

315 837 415 924 σκηνῇ
426 836 485 901 τοῦ
497 835 656 902 αύθόντου
667 837 756 922 ἡμῶν
765 840 1002 919 συνομιλοῦντες
1014 839 1089 920 περί
1097 837 1228 902 πολλῶν.
1240 833 1312 902 stoi
1324 829 1443 921 ῦφνωὸ

314 938 398 1012 τινὲς
418 934 515 1018 όλίγοι
527 934 659 1023 ἔφιπποι
673 939 806 1020 ἐξῆλθον
825 937 882 1022 τῆς
899 937 1000 1021 πύλης
1013 939 1069 1020 τῆς
1083 939 1278 1018 καλουμένης
1289 934 1417 1020 Ἑβραϊ·
1511 981 1512 986 1

315 1029 410 1120 κῆςῆ
429 1038 487 1099 τοῦ
506 1038 741 1120 Ζευγαλατείου
758 1028 859 1120 (ciros
880 1034 941 1121 γοὶρ
958 1034 1169 1128 ύνομόζερο),
1193 1038 1248 1100 καί
1268 1033 1312 1110 οῦς
1333 1030 1416 1120 bori-
1511 1053 1512 1058 ’

314 1159 429 1220 νησαν,
462 1136 653 1218 διωχθέντες
685 1138 836 1221 εἰσῆλθον
866 1134 919 1200 διὰ
948 1137 1003 1219 τῆς
1031 1137 1089 1200 τοῦ
1117 1135 1266 1218 αἰγιαλοῦ
1295 1132 1414 1218 πύλης·

314 1239 415 1302 ἐκεῖσε
447 1236 744 1312 κατασκευαστικῦς
771 1228 853 1321 ἦσαν
881 1231 996 1310 πάντες
1031 1233 1061 1299 οἱ
1085 1236 1143 1299 τοῦ
1172 1231 1312 1316 κόστρου
1333 1227 1412 1313 μετὰ

314 1337 477 1418 τζαγκρῦν
499 1337 556 1398 καί
568 1333 666 1413 τόξων
685 1333 741 1400 καί
757 1334 930 1401 σκολόπων.
972 1332 1118 1419 εύρεθείς
1139 1323 1197 1398 σύν
1218 1327 1236 1396 ὃ
1257 1329 1414 1415 δεσπότης
1426 1356 1457 1396 ιο

315 1427 402 1515 κόγύ
422 1435 665 1517 προβαδίζοντες
686 1434 747 1520 πρό
769 1437 828 1498 τοῦ
842 1436 984 1518 διωγμοῦ
1003 1437 1066 1500 τῶν
1089 1435 1278 1518 εἰρημένων,
1300 1428 1356 1496 sissi
1376 1429 1411 1496 τό

314 1528 390 1607 τούς
410 1532 526 1607 ἵππους
553 1531 645 1614 ἡμῶν
666 1533 840 1619 εῦρεθῆναε
859 1531 950 1620 ’κατὰ
970 1531 1145 1617 συγκυρίαν
1163 1531 1413 1618 ἧτοιμασμένους

315 1625 447 1712 πλησίον
461 1630 518 1715 τῆς
537 1633 681 1718 γεφύρας
706 1635 761 1719 τῆς
780 1632 862 1698 όόσῦ
890 1637 948 1716 τῆς
969 1628 1153 1716 α’παγούσης
1173 1632 1219 1706 εἰς
1242 1629 1299 1695 τόν
1321 1623 1413 1712 ἅγιον

310 1730 481 1815 Ἀνδρέαν,
501 1732 548 1809 τίς
563 1734 627 1798 νῦν
647 1735 830 1819 Πατρηνῦν
859 1730 1009 1812 τοξεύσας
1033 1733 1086 1797 τὸν
1108 1732 1166 1797 τοῦ
1186 1725 1341 1796 δεσπότου
1360 1729 1413 1794 ἳπ-

314 1853 387 1911 πον,
408 1827 445 1906 ῦς
463 1834 518 1896 καί
547 1833 669 1908 εόθίως
695 1829 808 1898 ἔπεσεν
837 1833 894 1898 ἐπί
912 1834 968 1916 τῆς
994 1833 1066 1915 γῆς,
1098 1832 1153 1895 καί
1180 1827 1353 1912 δραμόντες
1382 1825 1455 1894 oiri

313 1927 429 2014 ε’χθροί
440 1928 494 1994 ἵνα
512 1931 739 1997 σ’πσκτείνωσιν
760 1928 856 1996 αύτὸν
876 1925 1082 2014 ἢπιόσωσιν,
1106 1927 1243 2014 εόρόθην
1260 1927 1322 2010 ε’γώ
1348 1929 1418 1993 ἐκεῖ

313 2027 512 2114 ῦπίρμαχος.
551 2032 693 2106 κόκεῖνος
704 2034 765 2112 μὲν
775 2033 858 2094 θεοῦ
875 2032 1009 2118 βοηθείᾳ
1023 2025 1215 2105 α’ποπλακείς
1234 2029 1291 2091 τοῦ
1311 2025 1411 2091 ἵππου

313 2123 412 2211 ἔφυγε
429 2130 544 2208 πεζός·
568 2126 630 2211 ἔγω
653 2130 689 2194 δὲ
709 2133 777 2194 κατ’
798 2131 906 2194 αότῶν
919 2126 1099 2211 μαχόμενος
1119 2127 1236 2193 ε’πίασα
1249 2124 1318 2192 τινὰ
1339 2124 1412 2192 υἱόν

313 2227 530 2307 Σαματὲλλου.
571 2228 639 2293 ἀλλ’
660 2222 744 2313 ἤμην
756 2229 883 2312 βαρέως
895 2226 1147 2312 τραυματισθείς
1166 2223 1234 2309 ἅμα
1249 2229 1294 2314 τῷ
1314 2227 1410 2313 ἵππῳ,

313 2322 350 2402 iq
369 2319 471 2393 ούκότι
492 2323 596 2411 ἴσχυε,
622 2331 679 2392 καί
697 2325 810 2392 ἔπεσεν
834 2323 850 2390 ό
872 2327 967 2403 ἵππος
989 2325 1007 2392 ό
1029 2319 1165 2412 ῦριστος,
1188 2323 1223 2404 ic
1244 2324 1331 2410 παραὶ
1353 2329 1453 2390 τοῦτο

312 2427 422 2511 όμηρῦ
441 2423 541 2513 ε’όόθη
560 2431 604 2516 cri
626 2425 741 2514 Ἀσόνη
764 2428 908 2517 ’incauto
928 2422 1018 2513 ἧνίκα
1039 2424 1232 2513 συνήντησεν
1252 2423 1409 2515 institui

311 2530 342 2591 θ’
358 2526 493 2611 Ἀσόνης
513 2531 555 2616 τῷ
569 2531 702 2615 γαμβρῷ
724 2523 825 2592 αὑτοῦ
837 2529 879 2616 τῷ
892 2530 1153 2618 Φιλανθρωπηνηῖ
1171 2530 1202 2593 Γ
1200 2524 1333 2615 εωργίρ,
1351 2526 1408 2589 κό-

383 2706 507 2785 πκηηΡ
577 2722 602 2791 4.
621 2714 691 2793 ἦμεν
712 2721 904 2795 subintrusi>
978 2724 1017 2775 16.
1037 2722 1096 2776 ἐκεῖ
1113 2670 1190 2774 omi’
1280 2738 1318 2793 ro
1341 2737 1407 2778 στυ-

384 2792 534 2864 μοτέλουΡ
602 2789 687 2864 ἢμην]
703 2792 832 2867 ἔγωγεΜ
903 2807 945 2843 us.
966 2792 1220 2866 φιλανθρωπικῶλ)

312 2952 525 3022 amputavimus,
542 2969 610 3023 quos
627 2953 754 3007 manibus
774 2961 882 3023 gestans
900 2960 974 3006 totus
993 2954 1125 3005 exercitus
1146 2960 1237 3023 portus
1257 2954 1338 3006 castri
1357 2952 1406 3005 εό-

312 3032 388 3077 ortus
416 3032 466 3075 est.
498 3023 621 3077 eiusdem
646 3026 747 3078 mensis
766 3025 858 3077 Martii
885 3024 930 3076 die
948 3025 1000 3087 αδ,
1026 3040 1109 3093 quum
1135 3033 1199 3095 post
1215 3023 1331 3077 officium
1350 3042 1405 3077 ma-

313 3095 359 3164 gni
388 3094 498 3147 sabbati
515 3096 572 3147 sive
602 3094 723 3147 divinam
748 3096 947 3158 initiationem,
974 3094 1125 3164 apranslio
1151 3095 1182 3147 in
1208 3096 1328 3148 tentorio
1355 3096 1405 3147 do-

311 3166 379 3218 miui
404 3167 492 3219 nostri
515 3165 728 3219 consedissemus
752 3176 781 3219 et
805 3168 894 3219 varios
926 3166 1099 3218 misceremus
1131 3182 1279 3228 sermones,
1308 3182 1404 3237 repen-

312 3244 341 3288 te
368 3237 475 3307 aliquot
495 3237 602 3307 equites
627 3253 676 3307 per
696 3245 824 3307 portam,
853 3238 897 3290 cui
915 3254 1015 3289 nornen
1033 3246 1074 3289 est
1089 3236 1239 3289 Hebraicae
1268 3238 1312 3289 vel
1338 3240 1405 3289 Zeu-

311 3306 407 3375 gslstii
431 3308 482 3377 (ita
501 3308 573 3361 enim
593 3307 760 3379 appellatur)
784 3316 983 3378 prorumpunt,
1006 3306 1073 3371 sed,
1105 3308 1154 3359 ubi
1180 3318 1405 3378 comparuerunt,

311 3393 375 3429 mox
394 3378 510 3447 repulsi,
536 3395 587 3447 per
608 3387 715 3448 portam
742 3378 818 3431 litori
841 3378 994 3449 oppositum
1014 3378 1158 3447 refugiunt.
1179 3380 1219 3430 ibi
1247 3396 1342 3431 omnes
1362 3380 1405 3431 in·

312 3448 406 3511 cuiae,
431 3447 547 3512 labaris,
575 3448 691 3502 arcubus
720 3458 749 3501 et
775 3450 843 3520 pulis
873 3451 982 3514 arrnati,
1012 3448 1133 3503 aderant
1169 3450 1222 3501 iam
1247 3466 1331 3520 quum
1356 3449 1405 3503 de-

310 3524 390 3589 spota
401 3527 503 3602 etosgo,
516 3520 721 3605 antequam-illi
733 3536 783 3573 nos
800 3528 1039 3604 persequerentur,
1057 3520 1137 3589 fugae
1157 3538 1208 3573 nos
1224 3520 1406 3605 commisisse-

310 3606 383 3713 tta
396 3592 1105 3733 {iiiiiibiifffflti”iiarissiiimqiiiatqiiiid
1119 3591 1408 3732 {attittttttt

310 3732 448 3801 perfossus
466 3737 555 3793 esset,
581 3733 719 3785 utstatim
739 3732 920 3787 collaberetur
937 3733 1028 3797 humi,
1056 3732 1262 3785 Constantinum
1280 3733 1315 3784 ab
1332 3736 1408 3787 inse.

310 3800 458 3921 {uentibus
485 3800 626 3864 hostibus,
652 3805 701 3873 qni
731 3813 780 3856 ont
804 3820 902 3873 capere
920 3813 967 3857 nrrt
993 3804 1117 3857 occidere
1134 3821 1196 3857 eum
1217 3806 1337 3867 vellent,
1356 3822 1407 3873 ego

331 3872 432 3927 ciendi.
449 3875 541 3943 itaque
568 3872 662 3925 divino
685 3876 787 3927 auxilio
811 3876 860 3929 ille
880 3892 913 3927 ex
944 3892 1014 3947 equo
1034 3876 1199 3945 expeditus,
1220 3876 1304 3945 pedes
1322 3892 1351 3928 se
1372 3876 1405 3926 iis

310 3942 462 4009 subtraxit,
490 3960 540 4013 ego
566 3942 693 3997 adversus
714 3946 806 3999 hostes
823 3946 978 4011 decertans,
1005 3946 1092 3998 iiliurn
1110 3946 1247 4016 quendam
1266 3946 1405 4001 Samatslii
1511 4000 1512 4005 ,

311 4014 389 4082 cepi,
410 4014 459 4066 sed
476 4024 504 4068 et
525 4016 583 4084 ipse
608 4016 723 4083 graviter
742 4018 899 4070 volneratus
927 4036 987 4070 sum
1011 4035 1071 4070 cum
1101 4034 1172 4087 equo
1191 4018 1404 4087 generosissimo,

311 4085 360 4153 qui
387 4101 450 4136 rnoa
468 4084 577 4138 deiectu
596 4086 695 4137 sirium
713 4088 840 4140 concidit.
862 4106 922 4141 enm
949 4106 1048 4160 equum
1066 4088 1179 4141 desierat
1206 4106 1310 4141 umeros
1333 4092 1405 4145 lsaa·
1511 4150 1512 4155 ,

312 4154 354 4207 eio
377 4156 479 4220 Aseni,
507 4156 541 4209 acl
567 4174 596 4210 se
615 4158 757 4228 proiecto,
777 4160 877 4213 Asancs
902 4160 1019 4231 Georgio
1036 4158 1288 4230 Philanthropeuo,
1307 4174 1406 4231 gonaro
1511 4156 1512 4161 ’
