3042 4900
439 265 520 328 ιιο.
541 268 567 328 ι.
602 264 691 333 cau.
712 267 822 335 xxiv.
1140 233 1197 360 7'9

106 406 165 500 ᾔτει
184 407 297 496 τρόπον
330 406 387 476 καί
405 411 555 500 α’φορμδς
582 413 634 480 ἵνα
665 417 826 490 πλουσίως
847 411 971 504 αόξήση
999 413 1055 484 τόν
1078 422 1196 504 κλήρου

105 515 153 578 καί
163 507 216 594 τήν
234 509 403 591 βασιλείαν
424 513 540 590 atron,
562 517 620 580 καί
639 512 764 598 ἡμέραν
783 538 819 578 τε
839 516 896 578 καί
915 512 1014 580 νόκτα
1033 519 1096 602 orig
1114 519 1195 603 ήσό·

102 614 188 696 χαζεν
207 610 260 676 oisc*
278 613 437 696 πολέμους
456 608 544 696 ἔχειν
564 616 620 678 καί
642 615 868 696 α’μαννίζεοθαι.
908 613 966 680 καί
981 614 1092 702 μάχην
1110 617 1192 702 dysi-

59 775 61 784 ,
105 735 155 793 ρας
174 709 250 778 sord
276 714 346 798 tssdv
371 707 542 798 ὁμοφύλων
562 711 666 778 αὑτοῦ
692 713 868 798 α’μηροὶδοον
890 715 947 780 καί
960 715 1081 794 πολλός
1102 719 1193 796 νίκας

83 805 189 894 dripere
208 812 263 876 καί
283 813 390 875 πᾶσαν
409 811 468 896 τήν
488 815 628 880 Μυσίαν
658 811 744 902 νόμην
768 817 908 895 πολέμου
932 815 1092 903 ἐκέρδησε,
1115 823 1192 887 Ao·

103 911 216 974 καονιαν
233 908 290 974 καί
302 907 450 994 Φρυγίαν
471 912 527 976 καί
546 911 680 996 Καρίαν
700 913 756 976 καί
777 915 837 990 ἓως
857 910 1019 1000 θαλάττης
1039 921 1096 1000 τῆς
1116 917 1193 1002 περί

101 1005 149 1072 τόν
167 1007 390 1092 Εὐρυμέδοντα
414 1007 575 1094 ποταμόν,
605 1013 662 1078 καί
688 1013 723 1079 so·
754 1014 989 1100 δναπολειφθὲν
1017 1020 1116 1099 μέρος
1134 1022 1191 1102 τής

100 1111 253 1192 Βιθυνίας,
263 1106 482 1194 Νικομήδειαν
493 1107 547 1175 καί
557 1115 695 1178 Νίκαιαν
704 1116 761 1178 καί
771 1113 867 1197 ἕτερα
875 1114 1021 1195 πολίχνια
1032 1109 1088 1178 osis
1097 1115 1218 1199 όλίμαΒ

99 1205 147 1272 καί
160 1201 271 1290 dorna,
293 1210 349 1273 καί
361 1207 420 1294 τήν
435 1213 618 1298 περίφημον
630 1213 686 1276 καί
698 1207 824 1294 σόραίοιν
842 1213 936 1278 πόλιν
955 1215 1012 1298 τῆς
1023 1213 1191 1301 Προόοης,

67 1305 117 1392 ιοή
134 1317 227 1374 νεῖται
254 1308 319 1374 διεδ
341 1307 417 1386 τοός
440 1308 542 1388 πόδας
562 1314 623 1376 τοῦ
640 1304 825 1394 Ὀλύμπου,
849 1311 911 1378 siuti
941 1316 1006 1378 ταῖν
1022 1310 1188 1397 Ῥωμαίων

99 1407 265 1492 ἀρχομένην
283 1407 461 1492 ἐκέρδησα.
503 1411 538 1474 ἐν
557 1410 665 1498 ε’κείνιρ
685 1411 728 1500 τῷ
744 1413 870 1502 πολέμῳ
890 1415 1113 1500 τήςΠροόσης
1133 1418 1190 1482 καί

97 1504 145 1570 τόν
165 1505 246 1572 πόδα
275 1504 328 1574 τὸν
349 1506 453 1586 δεξιόν
471 1507 601 1595 δπλήμη.
653 1507 796 1596 περάσας
818 1513 855 1576 δὲ
875 1517 932 1579 καί
945 1515 981 1580 όν
1000 1517 1043 1602 τῇ
1061 1517 1189 1600 Χερρο·

96 1603 169 1695 νήσιρ
191 1610 247 1692 τής
264 1608 391 1696 Θρηίκης
411 1607 563 1690 πολίχνια
575 1633 647 1676 τινα
668 1605 851 1694 πολεμήσας
873 1613 1011 1697 όπήρεν·
1054 1609 1187 1698 ὕστερον

98 1708 127 1770 δὲ
156 1706 211 1790 τήν
237 1705 380 1794 α’δελφήν
409 1709 467 1773 τοῦ
492 1711 651 1788 βασιλέως
678 1707 824 1776 Ἰωάννου
851 1711 899 1788 είς
918 1720 1056 1794 γυναῖκα
1078 1712 1188 1795 λαβιόν

64 1805 141 1873 rideri
158 1807 214 1891 τήν
232 1810 417 1890 συγγένειαν
450 1809 493 1893 τῷ
512 1811 645 1889 βασιλεῖ
667 1810 713 1896 τῷ
741 1812 796 1874 καί
823 1812 1070 1900 μυνοικαδέλφηι
1090 1809 1131 1876 τό
1151 1816 1187 1880 όν

94 1907 127 1992 τῇ
145 1904 335 1996 Χερρονήσῳ
357 1905 500 1992 φρούρια
521 1900 620 1984 αὖθις
647 1907 846 1993 ἐχαρίσατο,
866 1909 912 1985 οδς
934 1909 1084 1992 &uagati
1105 1910 1187 1999 ἔφη·

94 2029 159 2088 μεν,
187 2005 241 2072 καί
266 2007 312 2095 τῷ
329 2007 571 2096 μυναικοδόλφιρ
598 2006 763 2092 βοηθήσας
789 2009 835 2084 εἰς
856 2005 917 2092 τήν
936 2011 1104 2090 βασιλείαν
1126 2010 1185 2094 τήν

93 2103 233 2192 πατρικήν
254 2107 517 2190 ἀποκατέστησεν.
560 2101 631 2174 εἶτα
654 2099 833 2188 ἀπέθανεν,
854 2101 888 2184 ὃς
901 2106 1108 2189 spondaeum
1127 2106 1185 2195 ἔτη

94 2203 269 2290 πεντήκοντα
300 2203 356 2270 καί
377 2201 457 2270 ἑπτὰ
478 2202 536 2272 καί
553 2209 657 2291 μήνας
684 2209 775 2272 ε’ννέα
796 2204 853 2270 καί
871 2205 993 2294 ἡμέρας
1015 2210 1069 2290 ιβ,
1089 2213 1145 2275 καί
1165 2209 1185 2271 δ

62 2302 154 2384 ιουίδς
173 2307 276 2371 ου’τοῧ
293 2305 502 2388 Ἀμουροὶτης
524 2304 584 2388 τήν
606 2301 710 2392 α’ρχήν
730 2307 902 2382 διεδέξατο.

163 2407 213 2473 υό,
256 2402 353 2473 Μετὰ
373 2403 424 2471 τόν
436 2405 576 2473 θάνατον
598 2397 657 2469 σόν
680 2407 739 2470 τοῦ
757 2405 912 2492 Ὀρχόνου
935 2404 954 2471 ό
974 2405 1184 2493 Ἀμουρότης

151 2562 175 2615 5.
193 2554 315 2629 ήρεῐοΡ
390 2555 714 2647 9.,πόλινῌροήσαηΡ
790 2572 830 2612 ro.
851 2550 972 2628 παρόιΡ
1074 2560 1114 2612 15.
1133 2564 1184 2615 καλ

150 2634 284 2769 δέήκδντα
305 2632 567 2767 ίτήθίβτόόιίδόιίόεοδν
575 2625 738 2751 Ρζόόόοιδόίιόό
751 2700 780 2750 in
800 2629 958 2769 ιοοτέότόδοδ
969 2630 1024 2701 μὲν
1042 2632 1185 2775 aizium

150 2777 215 2844 περὶ
235 2773 285 2838 τῆς
303 2772 446 2841 βασιλείας
461 2768 621 2859 ᾈμουράτη
639 2770 685 2835 Μ,
703 2770 841 2842 περὶτοῦ
858 2769 1023 2844 όμουροίτου
1037 2770 1070 2837 P,
1090 2774 1181 2843 capite

150 2860 205 2897 non
222 2844 364 2896 distincto.
453 2860 505 2898 ουν
522 2844 604 2893 omP

91 2997 160 3050 rebus
177 2998 346 3061 imitabatur,
357 3014 387 3049 ac
399 2996 508 3052 modurn
525 2995 674 3066 quaerebat
687 2997 910 3068 occasionesque,
929 3008 997 3067 opes
1015 3002 1044 3048 et
1062 3012 1184 3063 regnum,

92 3079 208 3137 quantum
227 3078 339 3141 posset,
365 3068 495 3137 augendi,
513 3084 565 3119 nec
587 3084 707 3139 unquam
728 3068 851 3121 cessabat
869 3084 1040 3120 commovere
1058 3067 1133 3119 heila
1153 3078 1183 3122 et

91 3143 231 3193 certamina.
250 3142 347 3209 itaque
368 3140 514 3209 populares
532 3138 669 3209 principes
688 3136 809 3202 adortus,
826 3140 927 3193 multas
948 3138 983 3189 de
1000 3140 1034 3190 iis
1053 3139 1182 3193 victorias

92 3215 241 3281 reportavit,
271 3211 411 3280 armisque
430 3210 484 3262 sibi
512 3212 619 3279 paravit
635 3218 720 3261 totam
744 3210 876 3277 Mysiam,
904 3209 1077 3276 Lycaoniam,
1095 3208 1181 3278 Phry.

91 3283 168 3349 giam,
187 3284 312 3346 Cariam,
332 3298 419 3351 usque
437 3281 473 3333 ad
491 3298 565 3332 mare
589 3288 620 3333 et
637 3280 865 3347 Eurymedontem
884 3280 995 3331 fluvium
1014 3296 1181 3349 progressus.

91 3352 153 3406 idem
169 3356 306 3425 reliquam
323 3362 427 3421 partem
445 3350 597 3420 Bithyniae,
614 3350 801 3403 Nicomediam
820 3360 849 3403 et
864 3351 995 3402 Nicaeum
1009 3359 1037 3403 et
1054 3352 1107 3402 aiiu
1126 3368 1182 3405 uon

90 3440 166 3492 pauca
183 3425 288 3497 oppida
316 3423 463 3486 stoches,
488 3425 572 3493 inque
604 3422 698 3493 primis
725 3422 969 3475 celebratissimum
996 3430 1026 3474 et
1049 3422 1182 3491 pulcher-

90 3496 172 3549 rimam
189 3502 317 3559 Prusam,
335 3494 371 3547 ud
389 3494 494 3547 radices
507 3494 617 3564 Olympi
634 3494 737 3546 montis
756 3495 849 3555 sitam,
868 3510 940 3563 quae
959 3492 1042 3545 etiam
1061 3501 1118 3544 tum
1128 3496 1183 3546 tto-

29 3610 31 3633 ,
90 3570 166 3621 mauis
191 3568 322 3639 parebat,
347 3566 403 3618 suis
421 3566 571 3635 provinciis
593 3563 711 3615 addidit.
736 3565 765 3616 in
783 3564 859 3616 bello
878 3565 1002 3617 Prusensi
1020 3564 1050 3615 in
1068 3562 1182 3617 dextero

29 3638 31 3663 ⁵
90 3638 149 3705 pede
164 3641 324 3693 vulneratus
343 3646 392 3691 est.
409 3638 494 3708 copiis
511 3638 578 3687 item
598 3635 627 3687 in
646 3634 844 3687 Chersonesum
856 3633 990 3687 Thracias
1006 3634 1183 3701 transductis,

90 3712 179 3779 oppida
200 3710 336 3763 nonnulla
355 3709 536 3777 expugnavit,
556 3722 626 3778 quae
652 3715 742 3757 tamen
761 3715 874 3775 postea,
891 3706 1063 3775 imperatoris
1079 3705 1185 3761 iohan-

90 3780 125 3831 nis
143 3800 261 3835 sororem
288 3782 318 3832 in
346 3780 547 3831 matrimonium
573 3776 706 3847 adeptus,
733 3776 798 3828 huic
812 3785 841 3829 et
865 3777 957 3829 uxoris
974 3776 1052 3828 fratri
1070 3788 1184 3848 propter

91 3850 237 3905 affinitatem
258 3853 334 3905 ultro
355 3852 505 3913 concessit,
534 3858 565 3902 ut
582 3848 650 3900 alibi
672 3847 807 3915 diximus,
825 3856 909 3920 atque
927 3848 1030 3899 auxilio
1048 3864 1098 3899 suo
1117 3852 1203 3920 ede-¹

91 3922 130 3985 tii,
143 3933 172 3977 ut
190 3925 259 3977 levir
278 3924 307 3974 in
329 3929 473 3991 paternum
494 3921 636 3990 imperium
658 3920 852 3971 restitueretur.
875 3918 976 3970 deinde
993 3926 1116 3971 mortuus
1133 3930 1186 3987 est,

90 4002 222 4065 postquam
240 4008 325 4062 regno
342 3992 460 4062 praefuit
476 4008 561 4044 annos
585 3998 689 4060 septem
713 3998 741 4042 et
768 3989 987 4059 quinquaginta,
1004 4006 1110 4041 meuses
1131 4009 1184 4045 no·

91 4078 154 4126 tem.
170 4067 228 4119 dies
253 4064 417 4127 duodecim3
434 4080 465 4113 ac
485 4064 603 4133 suscepit
627 4061 771 4131 imperium
790 4060 864 4111 fliius
883 4062 943 4111 eius
959 4060 1110 4114 Amurates.

153 4138 194 4189 25.
230 4138 295 4189 Post
312 4142 428 4187 mortem
442 4132 573 4187 Orcirauis
594 4135 736 4185 Amurotes
754 4132 873 4202 imperio
890 4130 997 4203 potitor
1014 4148 1086 4185 anno
1102 4132 1183 4200 6858,
