3042 4900
552 355 628 419 τττ.
644 360 698 421 ττι.
729 358 819 424 αττ.
839 365 894 423 ττι.
1185 337 1267 423 253

171 524 244 591 τριρ
269 504 302 569 Γ
299 502 433 592 ουλιάνιρ
464 502 561 590 ἐδόθη
591 507 643 571 ἴνα
670 512 812 597 φυλάττῃ
835 511 868 575 δν
890 517 956 587 τοῖς
974 514 1088 595 μέρεσι
1104 518 1161 579 τοῦ
1181 519 1290 581 Βου-·

173 606 345 678 καλέοντας
368 608 423 667 κατ’
445 598 524 687 άχρι
551 604 643 689 ίγγάς
666 612 725 672 τοῦ
745 613 988 691 Κοντοσκαλίσυ,
1012 614 1057 697 τῷ
1080 614 1116 679 δὲ
1130 612 1267 701 Ἰακώβῳ

174 705 367 789 Κονταρίνητ
387 702 438 766 ἴνα
458 704 598 790 φυλάττῃ
622 704 662 769 τά
682 709 764 790 μέρη
786 710 847 771 τῶν
866 711 981 790 τειχῶν
1001 714 1060 773 τοῦ
1080 708 1199 789 ἔξωθεν
1218 718 1268 777 λι-

172 806 276 881 μένος
295 802 351 865 καί
369 804 428 877 ἓως
447 800 540 885 ἑγγάς
559 809 620 868 τῶν
639 804 855 885 Ύψισμαθίαν
877 808 948 891 (καί
967 808 1007 871 οδ
1027 810 1146 875 διέλιπε
1166 819 1267 877 ποιεῖν

144 899 215 965 5τά
242 897 304 966 ὅσα
326 898 427 980 ἔξεστι
446 898 664 984 στρατιώταις,
685 909 741 968 καί
758 904 902 985 μάλιστα
919 914 984 982 τοῖς
1004 902 1171 996 εάγενίσι),
1185 914 1266 975 Mu·

173 1000 280 1085 ναυῆλ
303 1003 339 1066 δὲ
367 1006 410 1088 τῷ
440 1003 551 1086 ἕντῆς
573 1006 752 1089 Λιγουρίας
778 1006 948 1093 φυλάττειν
968 1006 1006 1072 τά
1027 1014 1109 1093 μέρη
1129 1016 1184 1095 τῆς
1203 1014 1266 1077 πά-

174 1104 237 1181 λης
268 1102 321 1183 τῆς
350 1104 516 1185 λεγομένης
541 1106 666 1185 χρυσῆς
693 1104 772 1185 μετά
796 1106 965 1172 διακοσίων
985 1108 1111 1193 ἀνδρῶν
1132 1108 1264 1189 τοξόταν

172 1222 209 1261 τε
227 1205 285 1263 καιΙ
301 1203 549 1281 μπαλαιστραῖν·
593 1196 679 1284 εἶχον
697 1230 717 1285 γ

172 1298 332 1379 ἐναντίαν,
353 1302 408 1363 κατ’
428 1298 529 1382 αδτῆν
548 1299 627 1381 μετά
647 1302 815 1384 βουβάλων
835 1304 892 1371 κατ’
909 1308 993 1386 βοάν
1013 1310 1115 1388 δοράν
1135 1306 1264 1375 ἐνδεδυ-

126 1399 285 1481 τομὲνην,
306 1397 361 1461 καί
378 1396 417 1463 τά
437 1400 525 1483 τείχη
546 1400 628 1480 μετά
648 1404 800 1485 μηχανῶν
821 1402 964 1471 ἔτυπτον.
985 1403 1109 1495 Παάλιρ
1129 1410 1188 1489 μὲν
1208 1412 1263 1473 κατ’
1273 1428 1293 1479 r

172 1494 330 1583 Ἀντωνιλρ
357 1495 414 1561 καί
436 1502 564 1587 Τρωιλητ
591 1509 656 1573 τοῖς
676 1502 889 1586 αδταδέλφσις
909 1502 1106 1591 ἐμπιστεάθη
1126 1506 1178 1570 ἵνα
1200 1532 1262 1593 φυ-

171 1594 315 1659 λάττωσι
335 1594 369 1659 ri
390 1596 611 1680 Μυρίανδρον,
632 1597 710 1662 ὅπου
727 1602 782 1666 καί
812 1604 846 1665 ἐν
866 1602 993 1681 ἐκείνοις
1013 1613 1078 1681 τοϊς
1096 1605 1262 1689 μίρισινῆ

171 1696 268 1769 πόλις
290 1686 328 1779 ῆν
356 1696 567 1778 ἐπικίνδυνος,
595 1702 650 1761 καί
678 1698 790 1775 νυκτὸς
823 1703 878 1764 καί
897 1702 1016 1785 ἡμέρας
1044 1704 1137 1781 πεζοί
1153 1728 1186 1770 τε
1206 1704 1262 1770 καί

171 1790 308 1858 ἱππόται
337 1796 395 1858 τοῦ
424 1794 564 1879 πλῆθυυς
592 1800 654 1861 τοῖν
688 1794 834 1882 Τοάρκων
856 1800 1011 1881 ἐμάχοντο
1037 1805 1187 1882 γενναίως
1206 1803 1263 1868 καί

123 1892 339 1977 τ5τῖνδρείως,
360 1895 415 1959 κατ’
432 1892 580 1970 πολλάκις
600 1902 654 1959 κατ’
683 1894 724 1961 τά
747 1900 835 1981 τείχη
862 1895 1060 1979 χαλάσαντες
1080 1902 1135 1964 καί
1152 1904 1262 1967 θέλον-

168 2016 226 2068 τες
247 1995 400 2057 εἰσελθεῖν
419 1997 522 2069 κακῶς
537 1993 797 2078 α’πεδιιδχθησαν,
815 1995 870 2059 καί
882 1994 978 2083 φόνον
999 1998 1046 2073 είς
1065 1992 1185 2075 αάτοάς
1204 2000 1261 2064 oria

150 2086 280 2175 ,ὀλίγον
298 2094 434 2173 ε’πυίδυν,
453 2097 510 2157 καί
530 2092 627 2177 μέρος
645 2096 706 2175 μὲν
724 2095 787 2157 τάν
805 2092 963 2175 κλιμάκων
979 2096 1084 2161 ου’τοῖν
1104 2094 1167 2162 ἔστι
1186 2094 1260 2164 ἔστι·

167 2287 297 2373 μνῆμης
317 2292 447 2355 αἰωνίου
469 2288 612 2375 άπῆρχον
635 2285 717 2369 άξια.
758 2297 900 2381 &soptim
920 2294 955 2357 δὲ
978 2296 1020 2381 τῷ
1036 2294 1258 2384 Παλαιολάγρι,

119 2412 161 2454 ao
169 2390 268 2470 α’νδρί
284 2390 423 2479 ἐμπείρῳ
448 2386 549 2476 πάσης
568 2387 788 2476 γραμματικῆς
809 2390 1022 2476 πραγματείας
1043 2394 1099 2458 καί
1118 2395 1173 2478 τῆς
1189 2394 1258 2460 Ἑλ·
1345 2468 1350 2478 ,

168 2491 298 2572 ληνικῆς
316 2493 461 2566 παιδείας
478 2493 534 2556 καί
547 2494 769 2575 μαθηματικῆς
790 2493 835 2566 είς
856 2481 953 2576 άκρον
973 2495 1168 2581 γευσαμένῳ,
1190 2495 1257 2559 ἆνε-
1297 2446 1315 2578 i
1396 2523 1400 2530 ·

168 2586 328 2672 πιστεάθη
351 2613 396 2673 po
430 2585 518 2655 ’ττειν
548 2590 630 2654 κατά
651 2591 688 2654 τά
707 2593 790 2672 με’ρη
819 2592 875 2674 τῆς
894 2585 994 2674 πάλης
1014 2591 1069 2672 τῆς
1090 2593 1257 2677 λεγομένης
1291 2598 1299 2653 ·'
1341 2592 1349 2659 ,’

168 2687 360 2771 Σηλυβριλτς.
402 2693 447 2775 τῷ
471 2691 506 2754 δὲ
527 2683 651 2776 Ἰωάννη
676 2691 720 2777 τῷ
739 2689 951 2779 Ἱονστινιανῷ
972 2691 1016 2778 τῷ
1038 2688 1139 2754 αδτοῦ
1159 2715 1258 2774 στρα·
1284 2666 1292 2738 i
1335 2670 1343 2759 i

1280 2755 1378 2808 52,

244 2865 267 2914 3.
283 2862 349 2936 τοῡΙ
369 2865 462 2920 aori)
530 2865 556 2918 8.
573 2863 775 2919 παλαιστῶνΡ
840 2881 877 2918 ιτ.
896 2865 1078 2933 ἐνεπιστεάδη
1096 2864 1191 2928 αδτοῐτ
1205 2803 1288 2922 τοῦί
1332 2802 1339 2831 ⁴
1375 2839 1381 2862 i

243 2936 428 3006 φυλάττεινλ)
537 2951 574 2988 τε.
591 2942 638 2988 καὶ
657 2946 685 2988 et
708 2945 767 2994 τοῖς
784 2939 883 3008 μέρεσι
899 2938 979 2989 οτττΡ
1069 2939 1253 3008 abiuncto?

246 3009 285 3060 15.
304 3005 474 3076 συχνάκιςΡ
564 3009 603 3061 16.
625 3003 865 3080 άπεκροὺσθησαν
884 3009 904 3060 Ρ

167 3165 291 3219 coleonis
309 3185 393 3237 prope
410 3167 446 3220 ad
464 3167 661 3222 Contoacaiium
678 3185 765 3239 neque
791 3167 892 3220 tuenda
909 3165 971 3218 data
993 3175 1041 3222 est.
1064 3164 1163 3218 lacobo
1181 3165 1253 3220 Con-

168 3239 258 3289 tarino
276 3241 345 3290 muri
371 3239 511 3291 exterioris
531 3249 623 3308 portur
644 3256 729 3309 utque
758 3237 793 3290 ad
815 3235 1007 3308 Hypaomathia
1034 3237 1165 3290 commisti
1191 3242 1253 3308 (uec

166 3309 193 3359 ia
214 3309 336 3376 neglexit
352 3309 449 3371 facere,
466 3309 601 3379 quidquid
611 3309 719 3370 militer,
734 3318 857 3363 ttrcnuoa
869 3310 1034 3378 praesertim,
1053 3307 1141 3360 facere
1152 3307 1251 3361 dccet.

103 3409 107 3416 ·
166 3379 292 3431 manueli
310 3381 402 3450 Liguri
416 3389 493 3450 porta
513 3397 595 3432 aurea
612 3397 683 3450 quae
701 3379 799 3432 dicitur
821 3395 881 3430 cum
900 3379 1042 3446 sagittariis
1060 3387 1088 3430 et
1106 3378 1252 3430 funditori-

165 3449 221 3500 bua
240 3448 364 3503 docentia
389 3449 566 3504 curtodientla
591 3451 691 3504 tradita
719 3460 767 3503 eat.
794 3458 852 3501 erat
869 3450 939 3501 enim
956 3448 1019 3502 buic
1037 3450 1108 3520 parti
1126 3450 1251 3520 oppoaita

165 3519 312 3590 helepoiia‚
333 3523 434 3590 etipsa
452 3521 614 3574 bubalorum
632 3522 768 3591 boumque
782 3519 901 3592 pellibus
919 3520 1030 3582 induta,
1047 3536 1077 3571 ac
1094 3521 1163 3573 muri
1182 3537 1251 3591 qaia-

164 3589 308 3643 tiebantur
324 3591 464 3644 mechinia.
506 3594 621 3656 Paulus,
638 3593 770 3644 Antonius
797 3599 825 3642 et
849 3589 975 3664 ‘I'roilua²
1004 3589 1099 3643 fratrea
1117 3591 1250 3660 germani,

164 3662 323 3728 Myriandro
344 3664 474 3732 praefecti
487 3671 559 3726 aunt,
579 3664 705 3733 quoniam
724 3663 763 3714 ibi
775 3677 886 3733 quoque
904 3659 967 3713 urba
987 3663 1092 3730 gravina
1108 3660 1251 3714 laborabat

163 3740 196 3784 et
214 3731 258 3784 die
277 3743 414 3804 noctuque
429 3734 464 3786 de
482 3735 628 3786 Turcarurn
648 3732 767 3786 exercitu
788 3730 893 3802 pedites
913 3739 941 3783 et
968 3733 1074 3803 equites
1091 3739 1199 3784 strenue
1219 3749 1250 3784 ac

163 3801 274 3856 fortiter
293 3803 466 3872 pugnabant,
491 3803 616 3875 adeoque
642 3821 730 3873 aaepe,
758 3801 901 3854 moenibus
928 3803 1081 3866 concussis,
1107 3803 1137 3854 in
1155 3801 1250 3856 urbem

161 3883 308 3943 penetrare
328 3874 500 3929 nitebantur:
520 3891 588 3946 quoa
606 3884 696 3927 tamen
712 3873 784 3926 maie
796 3873 960 3942 excipientes
977 3871 1075 3935 nostri,
1094 3871 1203 3926 eaedem
1223 3875 1252 3928 in

163 3960 212 3996 eoa
230 3961 286 3996 non
304 3943 466 3997 mediocrem
487 3945 604 3998 edebant
634 3954 662 3997 et
682 3944 768 3998 acaiaa
788 3960 879 3995 eorum
893 3943 989 4014 partim
1006 3945 1078 3994 intro
1098 3942 1251 4008 trabebant,

161 4015 262 4082 partim
277 4013 487 4082 diffraugebant:
510 4023 702 4084 mereaturque
730 4015 825 4065 borum
856 4013 974 4064 virorum
999 4013 1145 4066 certamine
1162 4023 1191 4068 et
1210 4033 1252 4068 rea

162 4094 253 4153 gestae
272 4095 409 4137 aeternam
427 4085 500 4153 apud
516 4095 637 4155 posteroa
656 4086 819 4137 memoriam.
838 4083 993 4152 Theophiio
1011 4083 1179 4155 Palaeoiogo‚
1198 4085 1250 4135 bo-

161 4157 230 4206 mini
247 4157 386 4207 literarum
404 4164 433 4206 et
449 4157 535 4208 omnia
554 4156 672 4208 Graecae
691 4154 852 4208 eruditionis
877 4161 905 4204 et
921 4151 1124 4207 mathematicae
1142 4157 1250 4226 peritia·

157 4226 245 4290 aimo,
265 4224 389 4276 custodia
407 4242 491 4295 prope
508 4232 623 4296 portam,
641 4243 711 4296 quae
729 4223 854 4292 Selybria
872 4222 982 4286 dicitur,
1000 4223 1100 4278 tradita
1119 4235 1167 4280 eat.
1206 4227 1249 4276 10-
