<?xml version="1.0" encoding="UTF-8"?>
<!DOCTYPE html PUBLIC "-//W3C//DTD XHTML 1.0 Transitional//EN"
    "http://www.w3.org/TR/xhtml1/DTD/xhtml1-transitional.dtd">
<html xmlns="http://www.w3.org/1999/xhtml" xml:lang="en" lang="en">
 <head>
  <title>
</title>
<meta http-equiv="Content-Type" content="text/html;charset=utf-8" />
  <meta name='ocr-system' content='tesseract 3.04.00' />
  <meta name='ocr-capabilities' content='ocr_page ocr_carea ocr_par ocr_line ocrx_word'/>
</head>
<body>
  <div class='ocr_page' id='page_1' title='image "./corpusscriptoru59theogoog/corpusscriptoru59theogoog_0305.png"; bbox 0 0 3042 4900; ppageno 0'>
   <div class='ocr_carea' id='block_1_1' title="bbox 318 271 1085 364">
    <p class='ocr_par' dir='ltr' id='par_1_1' title="bbox 318 271 1085 364">
     <span class='ocr_line' id='line_1_1' title="bbox 318 271 1085 364; baseline 0.003 -30"><span class='ocrx_word' id='word_1_1' title='bbox 318 281 402 364; x_wconf 74' lang='lat'>292</span> <span class='ocrx_word' id='word_1_2' title='bbox 638 273 812 340; x_wconf 84' lang='lat' dir='ltr'>GEORGii</span> <span class='ocrx_word' id='word_1_3' title='bbox 842 271 1085 356; x_wconf 73' lang='lat' dir='ltr'>Pflltttttztss</span> 
     </span>
    </p>
   </div>
   <div class='ocr_carea' id='block_1_2' title="bbox 304 418 1511 2400">
    <p class='ocr_par' dir='ltr' id='par_1_2' title="bbox 311 418 1402 516">
     <span class='ocr_line' id='line_1_2' title="bbox 311 418 1402 516; baseline -0.004 -22"><span class='ocrx_word' id='word_1_4' title='bbox 311 455 371 516; x_wconf 82' lang='grc' dir='ltr'>χαι</span> <span class='ocrx_word' id='word_1_5' title='bbox 391 427 470 509; x_wconf 80' lang='grc' dir='ltr'><strong><em>μετὰ</em></strong></span> <span class='ocrx_word' id='word_1_6' title='bbox 492 428 552 491; x_wconf 76' lang='grc' dir='ltr'>τοῦ</span> <span class='ocrx_word' id='word_1_7' title='bbox 567 423 653 490; x_wconf 81' lang='grc' dir='ltr'><strong><em>οἴνου</em></strong></span> <span class='ocrx_word' id='word_1_8' title='bbox 679 425 800 489; x_wconf 78' lang='grc' dir='ltr'><strong><em>αὐτοῦ·</em></strong></span> <span class='ocrx_word' id='word_1_9' title='bbox 844 418 1051 506; x_wconf 69' lang='grc' dir='ltr'><strong><em>ἀπελογήσατο</em></strong></span> <span class='ocrx_word' id='word_1_10' title='bbox 1071 426 1107 489; x_wconf 81' lang='grc' dir='ltr'>δὲ</span> <span class='ocrx_word' id='word_1_11' title='bbox 1129 425 1219 512; x_wconf 56' lang='lat' dir='ltr'>odaei</span> <span class='ocrx_word' id='word_1_12' title='bbox 1240 423 1258 488; x_wconf 78' lang='grc' dir='ltr'>ὅ</span> <span class='ocrx_word' id='word_1_13' title='bbox 1280 423 1402 510; x_wconf 77' lang='grc' dir='ltr'><strong><em>ἐμηριῖς</em></strong></span> 
     </span>
    </p>

    <p class='ocr_par' dir='ltr' id='par_1_3' title="bbox 313 518 1401 714">
     <span class='ocr_line' id='line_1_3' title="bbox 313 518 1401 610; baseline -0.006 -18"><span class='ocrx_word' id='word_1_14' title='bbox 313 531 369 594; x_wconf 92' lang='grc' dir='ltr'><strong><em>καί</em></strong></span> <span class='ocrx_word' id='word_1_15' title='bbox 389 522 473 592; x_wconf 82' lang='grc' dir='ltr'><strong><em>εἶπεν</em></strong></span> <span class='ocrx_word' id='word_1_16' title='bbox 487 518 538 590; x_wconf 74' lang='lat' dir='ltr'>“ai</span> <span class='ocrx_word' id='word_1_17' title='bbox 556 521 700 610; x_wconf 77' lang='grc' dir='ltr'>Ιήριιιιύοοιι</span> <span class='ocrx_word' id='word_1_18' title='bbox 719 527 776 588; x_wconf 92' lang='grc' dir='ltr'><strong><em>καί</em></strong></span> <span class='ocrx_word' id='word_1_19' title='bbox 804 521 1002 608; x_wconf 69' lang='grc' dir='ltr'><strong><em>α’πύνθραιπε</em></strong></span> <span class='ocrx_word' id='word_1_20' title='bbox 1020 523 1252 610; x_wconf 78' lang='grc' dir='ltr'><strong><em>μηχανορρύηιε</em></strong></span> <span class='ocrx_word' id='word_1_21' title='bbox 1273 527 1329 590; x_wconf 91' lang='grc' dir='ltr'><strong><em>καί</em></strong></span> <span class='ocrx_word' id='word_1_22' title='bbox 1346 549 1401 588; x_wconf 93' lang='grc' dir='ltr'>πο.</span> 
     </span>
     <span class='ocr_line' id='line_1_4' title="bbox 314 619 1400 714; baseline -0.004 -20"><span class='ocrx_word' id='word_1_23' title='bbox 314 629 459 714; x_wconf 83' lang='grc' dir='ltr'><strong><em>λύτροπε,</em></strong></span> <span class='ocrx_word' id='word_1_24' title='bbox 479 629 627 692; x_wconf 76' lang='grc' dir='ltr'><strong><em>τοσοῦτον</em></strong></span> <span class='ocrx_word' id='word_1_25' title='bbox 649 628 785 689; x_wconf 76' lang='grc' dir='ltr'><strong><em>πλοῦτον</em></strong></span> <span class='ocrx_word' id='word_1_26' title='bbox 813 619 896 706; x_wconf 76' lang='grc' dir='ltr'><strong><em>εἶχες</em></strong></span> <span class='ocrx_word' id='word_1_27' title='bbox 925 623 980 687; x_wconf 76' lang='lat' dir='ltr'>eui</span> <span class='ocrx_word' id='word_1_28' title='bbox 1000 626 1056 687; x_wconf 84' lang='grc' dir='ltr'>συίι</span> <span class='ocrx_word' id='word_1_29' title='bbox 1076 625 1256 708; x_wconf 71' lang='grc' dir='ltr'><strong><em>ἐβοήθησας</em></strong></span> <span class='ocrx_word' id='word_1_30' title='bbox 1278 627 1323 712; x_wconf 78' lang='grc' dir='ltr'>τῷ</span> <span class='ocrx_word' id='word_1_31' title='bbox 1344 630 1400 707; x_wconf 86' lang='grc' dir='ltr'>βα-</span> 
     </span>
    </p>

    <p class='ocr_par' dir='ltr' id='par_1_4' title="bbox 313 721 1400 814">
     <span class='ocr_line' id='line_1_5' title="bbox 313 721 1400 814; baseline -0.004 -20"><span class='ocrx_word' id='word_1_32' title='bbox 313 734 401 794; x_wconf 81' lang='grc' dir='ltr'><strong><em>σιλεῖ</em></strong></span> <span class='ocrx_word' id='word_1_33' title='bbox 414 729 457 814; x_wconf 77' lang='grc' dir='ltr'>τῷ</span> <span class='ocrx_word' id='word_1_34' title='bbox 479 726 615 811; x_wconf 60' lang='lat' dir='ltr'>acidiam</span> <span class='ocrx_word' id='word_1_35' title='bbox 637 727 773 788; x_wconf 89' lang='grc' dir='ltr'>σουκαί</span> <span class='ocrx_word' id='word_1_36' title='bbox 794 724 834 811; x_wconf 77' lang='grc' dir='ltr'>τῇ</span> <span class='ocrx_word' id='word_1_37' title='bbox 856 721 946 787; x_wconf 83' lang='grc' dir='ltr'><strong><em>πόλει</em></strong></span> <span class='ocrx_word' id='word_1_38' title='bbox 978 726 1019 809; x_wconf 79' lang='grc' dir='ltr'>τῇ</span> <span class='ocrx_word' id='word_1_39' title='bbox 1039 724 1167 805; x_wconf 77' lang='grc' dir='ltr'><strong><em>πατρίδι</em></strong></span> <span class='ocrx_word' id='word_1_40' title='bbox 1186 746 1267 804; x_wconf 75' lang='grc' dir='ltr'><strong><em>σους</em></strong></span> <span class='ocrx_word' id='word_1_41' title='bbox 1290 727 1349 790; x_wconf 76' lang='grc' dir='ltr'>νῦν</span> <span class='ocrx_word' id='word_1_42' title='bbox 1366 726 1400 789; x_wconf 77' lang='grc' dir='ltr'>δὲ</span> 
     </span>
    </p>

    <p class='ocr_par' dir='ltr' id='par_1_5' title="bbox 311 817 1423 1010">
     <span class='ocr_line' id='line_1_6' title="bbox 311 817 1423 909; baseline -0.001 -19"><span class='ocrx_word' id='word_1_43' title='bbox 311 827 393 909; x_wconf 74' lang='grc' dir='ltr'><strong><em>μετὰ</em></strong></span> <span class='ocrx_word' id='word_1_44' title='bbox 417 822 568 890; x_wconf 77' lang='grc' dir='ltr'><strong><em>τοιούτων</em></strong></span> <span class='ocrx_word' id='word_1_45' title='bbox 591 825 748 908; x_wconf 79' lang='grc' dir='ltr'><strong><em>πονηριαῖν</em></strong></span> <span class='ocrx_word' id='word_1_46' title='bbox 766 827 823 887; x_wconf 93' lang='grc' dir='ltr'><strong><em>καί</em></strong></span> <span class='ocrx_word' id='word_1_47' title='bbox 840 825 1038 904; x_wconf 74' lang='grc' dir='ltr'><strong><em>πανουργιῶν</em></strong></span> <span class='ocrx_word' id='word_1_48' title='bbox 1060 819 1099 897; x_wconf 76' lang='grc' dir='ltr'>ἃς</span> <span class='ocrx_word' id='word_1_49' title='bbox 1122 817 1212 897; x_wconf 79' lang='grc' dir='ltr'><strong><em>οἶδας</em></strong></span> <span class='ocrx_word' id='word_1_50' title='bbox 1231 831 1333 888; x_wconf 76' lang='grc' dir='ltr'><strong><em>ποιεῖν</em></strong></span> <span class='ocrx_word' id='word_1_51' title='bbox 1350 827 1423 890; x_wconf 70' lang='lat' dir='ltr'>xcii</span> 
     </span>
     <span class='ocr_line' id='line_1_7' title="bbox 311 914 1400 1010; baseline -0.005 -19"><span class='ocrx_word' id='word_1_52' title='bbox 311 925 458 1010; x_wconf 82' lang='grc' dir='ltr'><strong><em>πράττειν</em></strong></span> <span class='ocrx_word' id='word_1_53' title='bbox 490 927 523 988; x_wconf 85' lang='grc' dir='ltr'>ἐκ</span> <span class='ocrx_word' id='word_1_54' title='bbox 551 921 714 1006; x_wconf 83' lang='grc' dir='ltr'><strong><em>νεότητος,</em></strong></span> <span class='ocrx_word' id='word_1_55' title='bbox 741 923 842 1010; x_wconf 82' lang='grc' dir='ltr'><strong><em>βούλη</em></strong></span> <span class='ocrx_word' id='word_1_56' title='bbox 870 918 1074 985; x_wconf 65' lang='lat' dir='ltr'>incunctatae</span> <span class='ocrx_word' id='word_1_57' title='bbox 1094 914 1196 1003; x_wconf 80' lang='grc' dir='ltr'><strong><em>ιιοῖμέ,</em></strong></span> <span class='ocrx_word' id='word_1_58' title='bbox 1223 922 1282 986; x_wconf 90' lang='grc' dir='ltr'><strong><em>καί</em></strong></span> <span class='ocrx_word' id='word_1_59' title='bbox 1301 919 1400 1009; x_wconf 73' lang='grc' dir='ltr'><strong><em>φύγης</em></strong></span> 
     </span>
    </p>

    <p class='ocr_par' dir='ltr' id='par_1_6' title="bbox 304 1013 1511 1606">
     <span class='ocr_line' id='line_1_8' title="bbox 309 1013 1511 1111; baseline -0.003 -22"><span class='ocrx_word' id='word_1_60' title='bbox 309 1028 371 1090; x_wconf 82' lang='grc' dir='ltr'>τού</span> <span class='ocrx_word' id='word_1_61' title='bbox 391 1021 561 1108; x_wconf 74' lang='grc' dir='ltr'><strong><em>πρέποντάς</em></strong></span> <span class='ocrx_word' id='word_1_62' title='bbox 574 1047 640 1103; x_wconf 76' lang='grc' dir='ltr'><strong><em>σοις</em></strong></span> <span class='ocrx_word' id='word_1_63' title='bbox 663 1023 807 1102; x_wconf 66' lang='lat' dir='ltr'>atatam,</span> <span class='ocrx_word' id='word_1_64' title='bbox 829 1013 984 1103; x_wconf 75' lang='grc' dir='ltr'><strong><em>ιέοέσεβή,</em></strong></span> <span class='ocrx_word' id='word_1_65' title='bbox 1006 1024 1053 1095; x_wconf 76' lang='grc' dir='ltr'>τίς</span> <span class='ocrx_word' id='word_1_66' title='bbox 1073 1019 1090 1082; x_wconf 83' lang='grc' dir='ltr'>ὅ</span> <span class='ocrx_word' id='word_1_67' title='bbox 1109 1018 1250 1104; x_wconf 78' lang='grc' dir='ltr'><strong><em>χαρίσας</em></strong></span> <span class='ocrx_word' id='word_1_68' title='bbox 1269 1043 1324 1102; x_wconf 93' lang='grc' dir='ltr'>μοι</span> <span class='ocrx_word' id='word_1_69' title='bbox 1347 1020 1400 1086; x_wconf 75' lang='lat' dir='ltr'>adv</span> <span class='ocrx_word' id='word_1_70' title='bbox 1510 1018 1511 1111; x_wconf 51' lang='lat' dir='ltr'>i</span> 
     </span>
     <span class='ocr_line' id='line_1_9' title="bbox 308 1114 1511 1204; baseline -0.002 -16"><span class='ocrx_word' id='word_1_71' title='bbox 308 1125 444 1188; x_wconf 82' lang='grc' dir='ltr'><strong><em>πλοῦτον</em></strong></span> <span class='ocrx_word' id='word_1_72' title='bbox 464 1121 516 1186; x_wconf 84' lang='grc' dir='ltr'><strong><em>τὸν</em></strong></span> <span class='ocrx_word' id='word_1_73' title='bbox 545 1120 603 1186; x_wconf 87' lang='grc' dir='ltr'><strong><em>σὸν</em></strong></span> <span class='ocrx_word' id='word_1_74' title='bbox 622 1125 678 1185; x_wconf 99' lang='grc' dir='ltr'><strong><em>καί</em></strong></span> <span class='ocrx_word' id='word_1_75' title='bbox 698 1118 756 1204; x_wconf 89' lang='grc' dir='ltr'><strong><em>τήν</em></strong></span> <span class='ocrx_word' id='word_1_76' title='bbox 777 1121 868 1184; x_wconf 82' lang='grc' dir='ltr'><strong><em>πόλιν</em></strong></span> <span class='ocrx_word' id='word_1_77' title='bbox 889 1120 1005 1204; x_wconf 85' lang='grc' dir='ltr'><strong><em>ταύτην</em></strong></span> <span class='ocrx_word' id='word_1_78' title='bbox 1027 1123 1073 1195; x_wconf 81' lang='grc' dir='ltr'><strong><em>εἰς</em></strong></span> <span class='ocrx_word' id='word_1_79' title='bbox 1093 1118 1205 1202; x_wconf 74' lang='grc' dir='ltr'><strong><em>χεῖράς</em></strong></span> <span class='ocrx_word' id='word_1_80' title='bbox 1223 1122 1331 1203; x_wconf 88' lang='grc' dir='ltr'><strong><em>μου,·”</em></strong></span> <span class='ocrx_word' id='word_1_81' title='bbox 1351 1121 1398 1186; x_wconf 81' lang='grc' dir='ltr'><strong><em>λε’-</em></strong></span> <span class='ocrx_word' id='word_1_82' title='bbox 1510 1114 1511 1147; x_wconf 60' lang='lat'>³</span> 
     </span>
     <span class='ocr_line' id='line_1_10' title="bbox 308 1213 1511 1313; baseline -0.001 -29"><span class='ocrx_word' id='word_1_83' title='bbox 308 1245 358 1304; x_wconf 78' lang='grc' dir='ltr'>γει</span> <span class='ocrx_word' id='word_1_84' title='bbox 380 1222 468 1308; x_wconf 74' lang='grc' dir='ltr'><strong><em>αὐτῷ</em></strong></span> <span class='ocrx_word' id='word_1_85' title='bbox 496 1221 685 1304; x_wconf 82' lang='grc' dir='ltr'><strong><em>ἐΝοταροῖς</em></strong></span> <span class='ocrx_word' id='word_1_86' title='bbox 702 1219 748 1283; x_wconf 78' lang='lat' dir='ltr'>“d</span> <span class='ocrx_word' id='word_1_87' title='bbox 777 1217 884 1296; x_wconf 70' lang='grc' dir='ltr'><strong><em>θεός.”</em></strong></span> <span class='ocrx_word' id='word_1_88' title='bbox 938 1219 956 1282; x_wconf 79' lang='grc' dir='ltr'>ιλ</span> <span class='ocrx_word' id='word_1_89' title='bbox 988 1222 1024 1283; x_wconf 78' lang='grc' dir='ltr'>δὲ</span> <span class='ocrx_word' id='word_1_90' title='bbox 1051 1218 1177 1304; x_wconf 81' lang='grc' dir='ltr'><strong><em>α’μηριῖς</em></strong></span> <span class='ocrx_word' id='word_1_91' title='bbox 1205 1213 1293 1284; x_wconf 84' lang='grc' dir='ltr'><strong><em>εἶπεν</em></strong></span> <span class='ocrx_word' id='word_1_92' title='bbox 1315 1219 1399 1308; x_wconf 70' lang='grc' dir='ltr'><strong><em>αύτῷ</em></strong></span> <span class='ocrx_word' id='word_1_93' title='bbox 1510 1222 1511 1313; x_wconf 67' lang='grc' dir='ltr'><strong><em>λ</em></strong></span> 
     </span>
     <span class='ocr_line' id='line_1_11' title="bbox 304 1316 1511 1402; baseline 0 -17"><span class='ocrx_word' id='word_1_94' title='bbox 304 1316 405 1385; x_wconf 72' lang='lat' dir='ltr'>“inei</span> <span class='ocrx_word' id='word_1_95' title='bbox 432 1317 448 1382; x_wconf 79' lang='grc' dir='ltr'>ὅ</span> <span class='ocrx_word' id='word_1_96' title='bbox 472 1319 547 1395; x_wconf 74' lang='grc' dir='ltr'><strong><em>θεὸς</em></strong></span> <span class='ocrx_word' id='word_1_97' title='bbox 575 1321 678 1384; x_wconf 80' lang='grc' dir='ltr'><strong><em>ταῦτά</em></strong></span> <span class='ocrx_word' id='word_1_98' title='bbox 698 1343 752 1400; x_wconf 89' lang='grc' dir='ltr'>μοι</span> <span class='ocrx_word' id='word_1_99' title='bbox 782 1321 956 1402; x_wconf 77' lang='grc' dir='ltr'><strong><em>ἐχαρίσατο</em></strong></span> <span class='ocrx_word' id='word_1_100' title='bbox 986 1317 1043 1391; x_wconf 89' lang='grc' dir='ltr'><strong><em>καί</em></strong></span> <span class='ocrx_word' id='word_1_101' title='bbox 1068 1322 1106 1384; x_wconf 79' lang='grc' dir='ltr'>σὲ</span> <span class='ocrx_word' id='word_1_102' title='bbox 1124 1321 1181 1382; x_wconf 91' lang='grc' dir='ltr'><strong><em>καί</em></strong></span> <span class='ocrx_word' id='word_1_103' title='bbox 1197 1317 1319 1394; x_wconf 71' lang='grc' dir='ltr'><strong><em>πάντας</em></strong></span> <span class='ocrx_word' id='word_1_104' title='bbox 1338 1316 1437 1385; x_wconf 75' lang='lat' dir='ltr'>cinito</span> <span class='ocrx_word' id='word_1_105' title='bbox 1510 1332 1511 1337; x_wconf 76' lang='grc'>’</span> 
     </span>
     <span class='ocr_line' id='line_1_12' title="bbox 306 1415 1475 1502; baseline -0.003 -16"><span class='ocrx_word' id='word_1_106' title='bbox 306 1423 366 1495; x_wconf 80' lang='grc' dir='ltr'><strong><em>τοὶς</em></strong></span> <span class='ocrx_word' id='word_1_107' title='bbox 388 1422 499 1502; x_wconf 80' lang='grc' dir='ltr'><strong><em>χεῖράς</em></strong></span> <span class='ocrx_word' id='word_1_108' title='bbox 518 1443 580 1500; x_wconf 83' lang='grc' dir='ltr'>μου</span> <span class='ocrx_word' id='word_1_109' title='bbox 614 1418 748 1493; x_wconf 81' lang='grc' dir='ltr'><strong><em>δούλους</em></strong></span> <span class='ocrx_word' id='word_1_110' title='bbox 769 1416 890 1497; x_wconf 73' lang='grc' dir='ltr'><strong><em>ἔδευσε,</em></strong></span> <span class='ocrx_word' id='word_1_111' title='bbox 921 1421 959 1482; x_wconf 85' lang='grc' dir='ltr'>τί</span> <span class='ocrx_word' id='word_1_112' title='bbox 982 1416 1022 1482; x_wconf 86' lang='grc' dir='ltr'>σύ</span> <span class='ocrx_word' id='word_1_113' title='bbox 1056 1420 1170 1500; x_wconf 78' lang='grc' dir='ltr'><strong><em>λέγεις,</em></strong></span> <span class='ocrx_word' id='word_1_114' title='bbox 1199 1422 1327 1502; x_wconf 83' lang='grc' dir='ltr'><strong><em>πονηρέ,</em></strong></span> <span class='ocrx_word' id='word_1_115' title='bbox 1345 1417 1399 1482; x_wconf 76' lang='lat' dir='ltr'>eui</span> <span class='ocrx_word' id='word_1_116' title='bbox 1470 1415 1475 1422; x_wconf 74' lang='grc'><strong>’</strong></span> 
     </span>
     <span class='ocr_line' id='line_1_13' title="bbox 309 1515 1397 1606; baseline -0.003 -22"><span class='ocrx_word' id='word_1_117' title='bbox 309 1526 486 1606; x_wconf 83' lang='grc' dir='ltr'><strong><em>φλυαρεῖς;</em></strong></span> <span class='ocrx_word' id='word_1_118' title='bbox 509 1522 575 1594; x_wconf 78' lang='grc' dir='ltr'><strong><em>παῖς</em></strong></span> <span class='ocrx_word' id='word_1_119' title='bbox 597 1519 655 1582; x_wconf 86' lang='grc' dir='ltr'>ουίι</span> <span class='ocrx_word' id='word_1_120' title='bbox 676 1515 817 1596; x_wconf 80' lang='grc' dir='ltr'><strong><em>ἔστειλοὶς</em></strong></span> <span class='ocrx_word' id='word_1_121' title='bbox 835 1541 892 1600; x_wconf 87' lang='grc' dir='ltr'>μοι</span> <span class='ocrx_word' id='word_1_122' title='bbox 913 1517 994 1583; x_wconf 77' lang='grc' dir='ltr'><strong><em>αὐτοὶ</em></strong></span> <span class='ocrx_word' id='word_1_123' title='bbox 1017 1517 1091 1600; x_wconf 79' lang='grc' dir='ltr'><strong><em>πρέν</em></strong></span> <span class='ocrx_word' id='word_1_124' title='bbox 1110 1517 1167 1601; x_wconf 90' lang='grc' dir='ltr'><strong><em>τήν</em></strong></span> <span class='ocrx_word' id='word_1_125' title='bbox 1187 1516 1297 1602; x_wconf 82' lang='grc' dir='ltr'><strong><em>μύχην</em></strong></span> <span class='ocrx_word' id='word_1_126' title='bbox 1315 1518 1397 1600; x_wconf 83' lang='grc' dir='ltr'><strong><em>κινή-</em></strong></span> 
     </span>
    </p>

    <p class='ocr_par' dir='ltr' id='par_1_7' title="bbox 304 1611 1437 2100">
     <span class='ocr_line' id='line_1_14' title="bbox 307 1611 1396 1704; baseline -0.005 -20"><span class='ocrx_word' id='word_1_127' title='bbox 307 1643 356 1684; x_wconf 85' lang='grc' dir='ltr'>σω</span> <span class='ocrx_word' id='word_1_128' title='bbox 379 1621 451 1681; x_wconf 60' lang='grc' dir='ltr'>καθ’</span> <span class='ocrx_word' id='word_1_129' title='bbox 476 1618 565 1697; x_wconf 76' lang='grc' dir='ltr'><strong><em>ὑμῶν</em></strong></span> <span class='ocrx_word' id='word_1_130' title='bbox 587 1611 609 1702; x_wconf 81' lang='grc' dir='ltr'><em>ἢ</em></span> <span class='ocrx_word' id='word_1_131' title='bbox 630 1620 703 1700; x_wconf 72' lang='grc' dir='ltr'><strong><em>πρὶν</em></strong></span> <span class='ocrx_word' id='word_1_132' title='bbox 723 1618 781 1701; x_wconf 89' lang='grc' dir='ltr'><strong><em>τήν</em></strong></span> <span class='ocrx_word' id='word_1_133' title='bbox 801 1618 890 1683; x_wconf 85' lang='grc' dir='ltr'><strong><em>πόλιν</em></strong></span> <span class='ocrx_word' id='word_1_134' title='bbox 904 1619 1032 1703; x_wconf 81' lang='grc' dir='ltr'><strong><em>νικήσω,</em></strong></span> <span class='ocrx_word' id='word_1_135' title='bbox 1054 1621 1107 1682; x_wconf 76' lang='grc' dir='ltr'><strong><em>ἳνα</em></strong></span> <span class='ocrx_word' id='word_1_136' title='bbox 1127 1616 1250 1704; x_wconf 79' lang='grc' dir='ltr'><strong><em>ὄφειλον</em></strong></span> <span class='ocrx_word' id='word_1_137' title='bbox 1272 1641 1323 1682; x_wconf 90' lang='grc' dir='ltr'>σοι</span> <span class='ocrx_word' id='word_1_138' title='bbox 1342 1617 1396 1701; x_wconf 91' lang='grc' dir='ltr'><strong><em>τήν</em></strong></span> 
     </span>
     <span class='ocr_line' id='line_1_15' title="bbox 305 1711 1397 1802; baseline -0.002 -22"><span class='ocrx_word' id='word_1_139' title='bbox 305 1715 404 1800; x_wconf 75' lang='grc' dir='ltr'><strong><em>χάριν</em></strong></span> <span class='ocrx_word' id='word_1_140' title='bbox 427 1721 482 1782; x_wconf 76' lang='lat' dir='ltr'>uui</span> <span class='ocrx_word' id='word_1_141' title='bbox 500 1713 554 1802; x_wconf 89' lang='grc' dir='ltr'><strong><em>τήν</em></strong></span> <span class='ocrx_word' id='word_1_142' title='bbox 575 1713 789 1800; x_wconf 71' lang='grc' dir='ltr'><strong><em>οἷνταμοιβήνς</em></strong></span> <span class='ocrx_word' id='word_1_143' title='bbox 810 1721 868 1782; x_wconf 83' lang='grc' dir='ltr'>νύν</span> <span class='ocrx_word' id='word_1_144' title='bbox 886 1711 943 1782; x_wconf 75' lang='lat' dir='ltr'>oria</span> <span class='ocrx_word' id='word_1_145' title='bbox 965 1717 1022 1782; x_wconf 74' lang='grc' dir='ltr'>οὐκ</span> <span class='ocrx_word' id='word_1_146' title='bbox 1044 1713 1077 1782; x_wconf 81' lang='grc' dir='ltr'><strong><em>εἶ</em></strong></span> <span class='ocrx_word' id='word_1_147' title='bbox 1093 1718 1135 1782; x_wconf 87' lang='grc' dir='ltr'>σύ</span> <span class='ocrx_word' id='word_1_148' title='bbox 1154 1717 1172 1781; x_wconf 86' lang='lat' dir='ltr'>o‘</span> <span class='ocrx_word' id='word_1_149' title='bbox 1184 1721 1325 1802; x_wconf 75' lang='grc' dir='ltr'><strong><em>χαρίσας</em></strong></span> <span class='ocrx_word' id='word_1_150' title='bbox 1342 1740 1397 1797; x_wconf 88' lang='grc' dir='ltr'>μοι</span> 
     </span>
     <span class='ocr_line' id='line_1_16' title="bbox 304 1810 1437 1900; baseline -0.001 -19"><span class='ocrx_word' id='word_1_151' title='bbox 304 1819 423 1898; x_wconf 78' lang='grc' dir='ltr'><strong><em>ταῦτα,</em></strong></span> <span class='ocrx_word' id='word_1_152' title='bbox 447 1810 526 1880; x_wconf 80' lang='grc' dir='ltr'><strong><em>οἷλλὰ</em></strong></span> <span class='ocrx_word' id='word_1_153' title='bbox 557 1816 575 1879; x_wconf 78' lang='grc' dir='ltr'><strong><em>ἐ</em></strong></span> <span class='ocrx_word' id='word_1_154' title='bbox 598 1813 703 1891; x_wconf 71' lang='grc' dir='ltr'><strong><em>θεός.”</em></strong></span> <span class='ocrx_word' id='word_1_155' title='bbox 733 1819 789 1880; x_wconf 80' lang='lat' dir='ltr'>aui</span> <span class='ocrx_word' id='word_1_156' title='bbox 809 1813 910 1892; x_wconf 70' lang='grc' dir='ltr'><strong><em>εὐθύς</em></strong></span> <span class='ocrx_word' id='word_1_157' title='bbox 934 1811 1031 1900; x_wconf 70' lang='grc' dir='ltr'><strong><em>ὥρισε</em></strong></span> <span class='ocrx_word' id='word_1_158' title='bbox 1050 1825 1114 1890; x_wconf 83' lang='grc' dir='ltr'><strong><em>τοῖς</em></strong></span> <span class='ocrx_word' id='word_1_159' title='bbox 1137 1815 1260 1900; x_wconf 73' lang='grc' dir='ltr'><strong><em>δημίοις</em></strong></span> <span class='ocrx_word' id='word_1_160' title='bbox 1282 1817 1336 1881; x_wconf 75' lang='grc' dir='ltr'><strong><em>ἵνα</em></strong></span> <span class='ocrx_word' id='word_1_161' title='bbox 1354 1815 1437 1892; x_wconf 59' lang='lat' dir='ltr'>elati</span> 
     </span>
     <span class='ocr_line' id='line_1_17' title="bbox 308 1914 1398 2002; baseline 0.001 -24"><span class='ocrx_word' id='word_1_162' title='bbox 308 1914 453 2002; x_wconf 81' lang='grc' dir='ltr'><strong><em>φυλακήν</em></strong></span> <span class='ocrx_word' id='word_1_163' title='bbox 464 1915 613 1998; x_wconf 80' lang='grc' dir='ltr'><strong><em>βάλωσιν</em></strong></span> <span class='ocrx_word' id='word_1_164' title='bbox 633 1915 732 1980; x_wconf 77' lang='lat' dir='ltr'>adadu</span> <span class='ocrx_word' id='word_1_165' title='bbox 745 1917 802 1980; x_wconf 85' lang='grc' dir='ltr'><strong><em>καί</em></strong></span> <span class='ocrx_word' id='word_1_166' title='bbox 818 1916 973 2002; x_wconf 74' lang='grc' dir='ltr'><strong><em>ἀσφαλῶς</em></strong></span> <span class='ocrx_word' id='word_1_167' title='bbox 987 1919 1113 2000; x_wconf 80' lang='grc' dir='ltr'><strong><em>τηρῶσι.</em></strong></span> <span class='ocrx_word' id='word_1_168' title='bbox 1132 1918 1173 1999; x_wconf 80' lang='grc' dir='ltr'>τῇ</span> <span class='ocrx_word' id='word_1_169' title='bbox 1190 1919 1226 1981; x_wconf 81' lang='grc' dir='ltr'><strong><em>δέ</em></strong></span> <span class='ocrx_word' id='word_1_170' title='bbox 1247 1914 1398 2002; x_wconf 73' lang='grc' dir='ltr'><strong><em>ἐπαύριον</em></strong></span> 
     </span>
     <span class='ocr_line' id='line_1_18' title="bbox 307 2009 1398 2100; baseline 0.001 -22"><span class='ocrx_word' id='word_1_171' title='bbox 307 2015 484 2100; x_wconf 76' lang='grc' dir='ltr'><strong><em>προστάξας</em></strong></span> <span class='ocrx_word' id='word_1_172' title='bbox 498 2009 629 2098; x_wconf 78' lang='grc' dir='ltr'><strong><em>ήνεγιιαν</em></strong></span> <span class='ocrx_word' id='word_1_173' title='bbox 645 2013 741 2080; x_wconf 81' lang='grc' dir='ltr'><strong><em>πάλιν</em></strong></span> <span class='ocrx_word' id='word_1_174' title='bbox 755 2013 852 2079; x_wconf 81' lang='grc' dir='ltr'><strong><em>αύτέν</em></strong></span> <span class='ocrx_word' id='word_1_175' title='bbox 868 2013 1047 2099; x_wconf 74' lang='grc' dir='ltr'><strong><em>ἔμπροσθεν</em></strong></span> <span class='ocrx_word' id='word_1_176' title='bbox 1059 2016 1118 2079; x_wconf 79' lang='grc' dir='ltr'>τού</span> <span class='ocrx_word' id='word_1_177' title='bbox 1129 2012 1271 2098; x_wconf 88' lang='grc' dir='ltr'><strong><em>βήματος</em></strong></span> <span class='ocrx_word' id='word_1_178' title='bbox 1283 2017 1381 2079; x_wconf 76' lang='lat' dir='ltr'>oriani</span> <span class='ocrx_word' id='word_1_179' title='bbox 1389 2040 1398 2056; x_wconf 93' lang='lat'><strong>·</strong></span> 
     </span>
    </p>

    <p class='ocr_par' dir='ltr' id='par_1_8' title="bbox 306 2108 1400 2201">
     <span class='ocr_line' id='line_1_19' title="bbox 306 2108 1400 2201; baseline 0 -23"><span class='ocrx_word' id='word_1_180' title='bbox 306 2117 363 2178; x_wconf 91' lang='grc' dir='ltr'><strong><em>καί</em></strong></span> <span class='ocrx_word' id='word_1_181' title='bbox 382 2117 463 2196; x_wconf 81' lang='grc' dir='ltr'><strong><em>λέγει</em></strong></span> <span class='ocrx_word' id='word_1_182' title='bbox 482 2115 570 2200; x_wconf 75' lang='grc' dir='ltr'><strong><em>αύτῷ</em></strong></span> <span class='ocrx_word' id='word_1_183' title='bbox 588 2109 686 2177; x_wconf 75' lang='lat' dir='ltr'>“inei</span> <span class='ocrx_word' id='word_1_184' title='bbox 706 2110 764 2176; x_wconf 82' lang='grc' dir='ltr'>ούκ</span> <span class='ocrx_word' id='word_1_185' title='bbox 780 2108 938 2198; x_wconf 79' lang='grc' dir='ltr'><strong><em>ήθὲλησας</em></strong></span> <span class='ocrx_word' id='word_1_186' title='bbox 956 2116 1118 2199; x_wconf 78' lang='grc' dir='ltr'><strong><em>βοηθήσοι</em></strong></span> <span class='ocrx_word' id='word_1_187' title='bbox 1136 2116 1179 2201; x_wconf 68' lang='lat' dir='ltr'>rui</span> <span class='ocrx_word' id='word_1_188' title='bbox 1193 2119 1327 2197; x_wconf 84' lang='grc' dir='ltr'><strong><em>βασιλεῖ</em></strong></span> <span class='ocrx_word' id='word_1_189' title='bbox 1348 2113 1400 2178; x_wconf 75' lang='grc' dir='ltr'><strong><em>ναὶ</em></strong></span> 
     </span>
    </p>

    <p class='ocr_par' dir='ltr' id='par_1_9' title="bbox 305 2207 1396 2298">
     <span class='ocr_line' id='line_1_20' title="bbox 305 2207 1396 2298; baseline -0.005 -20"><span class='ocrx_word' id='word_1_190' title='bbox 305 2217 343 2298; x_wconf 77' lang='grc' dir='ltr'>τῇ</span> <span class='ocrx_word' id='word_1_191' title='bbox 356 2215 482 2296; x_wconf 79' lang='grc' dir='ltr'><strong><em>πατρέἐι</em></strong></span> <span class='ocrx_word' id='word_1_192' title='bbox 497 2235 556 2276; x_wconf 92' lang='grc' dir='ltr'>σου</span> <span class='ocrx_word' id='word_1_193' title='bbox 574 2210 657 2293; x_wconf 72' lang='grc' dir='ltr'><strong><em>μετὰ</em></strong></span> <span class='ocrx_word' id='word_1_194' title='bbox 673 2211 825 2276; x_wconf 81' lang='grc' dir='ltr'><strong><em>τοσούτου</em></strong></span> <span class='ocrx_word' id='word_1_195' title='bbox 840 2215 1011 2297; x_wconf 68' lang='grc' dir='ltr'><strong><em>θησαυροῦ</em></strong></span> <span class='ocrx_word' id='word_1_196' title='bbox 1026 2208 1247 2298; x_wconf 80' lang='grc' dir='ltr'><strong><em>α’ναριθμήτου</em></strong></span> <span class='ocrx_word' id='word_1_197' title='bbox 1260 2210 1299 2278; x_wconf 79' lang='grc' dir='ltr'><strong><em>ἐν</em></strong></span> <span class='ocrx_word' id='word_1_198' title='bbox 1309 2207 1396 2292; x_wconf 82' lang='grc' dir='ltr'><strong><em>εἶχες,</em></strong></span> 
     </span>
    </p>

    <p class='ocr_par' dir='ltr' id='par_1_10' title="bbox 306 2307 1511 2400">
     <span class='ocr_line' id='line_1_21' title="bbox 306 2307 1511 2400; baseline 0.003 -27"><span class='ocrx_word' id='word_1_199' title='bbox 306 2311 362 2376; x_wconf 94' lang='grc' dir='ltr'><strong><em>καί</em></strong></span> <span class='ocrx_word' id='word_1_200' title='bbox 376 2309 430 2376; x_wconf 75' lang='grc' dir='ltr'>διὰ</span> <span class='ocrx_word' id='word_1_201' title='bbox 443 2316 479 2376; x_wconf 86' lang='grc' dir='ltr'>τι’</span> <span class='ocrx_word' id='word_1_202' title='bbox 497 2311 554 2374; x_wconf 73' lang='lat' dir='ltr'>oda</span> <span class='ocrx_word' id='word_1_203' title='bbox 570 2308 763 2394; x_wconf 84' lang='grc' dir='ltr'><strong><em>ἐβούλευσας</em></strong></span> <span class='ocrx_word' id='word_1_204' title='bbox 778 2309 834 2375; x_wconf 75' lang='lat' dir='ltr'>adr</span> <span class='ocrx_word' id='word_1_205' title='bbox 845 2316 990 2394; x_wconf 80' lang='grc' dir='ltr'><strong><em>βασιλέα,</em></strong></span> <span class='ocrx_word' id='word_1_206' title='bbox 1013 2307 1066 2377; x_wconf 76' lang='grc' dir='ltr'><strong><em>ὅτε</em></strong></span> <span class='ocrx_word' id='word_1_207' title='bbox 1087 2311 1231 2396; x_wconf 88' lang='grc' dir='ltr'><strong><em>ἐμήνυσα</em></strong></span> <span class='ocrx_word' id='word_1_208' title='bbox 1251 2313 1339 2400; x_wconf 71' lang='grc' dir='ltr'>αυίιβ</span> <span class='ocrx_word' id='word_1_209' title='bbox 1349 2314 1435 2378; x_wconf 70' lang='lat' dir='ltr'>inuno</span> <span class='ocrx_word' id='word_1_210' title='bbox 1510 2372 1511 2377; x_wconf 73' lang='grc'><strong><em>,</em></strong></span> 
     </span>
    </p>
   </div>
   <div class='ocr_carea' id='block_1_3' title="bbox 255 2403 1396 2698">
    <p class='ocr_par' dir='ltr' id='par_1_11' title="bbox 255 2403 1396 2698">
     <span class='ocr_line' id='line_1_22' title="bbox 305 2403 1395 2498; baseline 0 -24"><span class='ocrx_word' id='word_1_211' title='bbox 305 2414 374 2492; x_wconf 86' lang='grc' dir='ltr'><strong><em>μετ’</em></strong></span> <span class='ocrx_word' id='word_1_212' title='bbox 397 2411 520 2497; x_wconf 78' lang='grc' dir='ltr'><strong><em>εἰρήνης</em></strong></span> <span class='ocrx_word' id='word_1_213' title='bbox 543 2409 597 2475; x_wconf 92' lang='grc' dir='ltr'><strong><em>καί</em></strong></span> <span class='ocrx_word' id='word_1_214' title='bbox 616 2408 738 2496; x_wconf 77' lang='grc' dir='ltr'><strong><em>οἷγύιιης</em></strong></span> <span class='ocrx_word' id='word_1_215' title='bbox 759 2433 815 2491; x_wconf 85' lang='grc' dir='ltr'>μοι</span> <span class='ocrx_word' id='word_1_216' title='bbox 838 2413 924 2498; x_wconf 71' lang='grc' dir='ltr'><strong><em>δούσῃ</em></strong></span> <span class='ocrx_word' id='word_1_217' title='bbox 947 2409 1006 2496; x_wconf 86' lang='grc' dir='ltr'><strong><em>τήν</em></strong></span> <span class='ocrx_word' id='word_1_218' title='bbox 1030 2408 1121 2476; x_wconf 87' lang='grc' dir='ltr'><strong><em>πόλιν</em></strong></span> <span class='ocrx_word' id='word_1_219' title='bbox 1140 2413 1197 2476; x_wconf 83' lang='grc' dir='ltr'><strong><em>καί</em></strong></span> <span class='ocrx_word' id='word_1_220' title='bbox 1215 2403 1312 2477; x_wconf 72' lang='grc' dir='ltr'><strong><em>ἄλλον</em></strong></span> <span class='ocrx_word' id='word_1_221' title='bbox 1333 2405 1395 2474; x_wconf 77' lang='grc' dir='ltr'><strong><em>ἐντ’</em></strong></span> 
     </span>
     <span class='ocr_line' id='line_1_23' title="bbox 307 2503 1396 2597; baseline -0.001 -24"><span class='ocrx_word' id='word_1_222' title='bbox 307 2514 406 2595; x_wconf 82' lang='grc' dir='ltr'><strong><em>αύτής</em></strong></span> <span class='ocrx_word' id='word_1_223' title='bbox 425 2508 521 2575; x_wconf 87' lang='grc' dir='ltr'><strong><em>τόπον</em></strong></span> <span class='ocrx_word' id='word_1_224' title='bbox 543 2508 635 2576; x_wconf 78' lang='grc' dir='ltr'><strong><em>ἐιύσιο</em></strong></span> <span class='ocrx_word' id='word_1_225' title='bbox 656 2514 723 2592; x_wconf 82' lang='grc' dir='ltr'><strong><em>μετ’</em></strong></span> <span class='ocrx_word' id='word_1_226' title='bbox 753 2503 878 2596; x_wconf 80' lang='grc' dir='ltr'><strong><em>α’γὰπης</em></strong></span> <span class='ocrx_word' id='word_1_227' title='bbox 898 2511 952 2575; x_wconf 72' lang='lat' dir='ltr'>nni</span> <span class='ocrx_word' id='word_1_228' title='bbox 971 2516 1090 2597; x_wconf 80' lang='grc' dir='ltr'><strong><em>φιλίοις,</em></strong></span> <span class='ocrx_word' id='word_1_229' title='bbox 1114 2515 1166 2575; x_wconf 74' lang='grc' dir='ltr'><strong><em>ἵνα</em></strong></span> <span class='ocrx_word' id='word_1_230' title='bbox 1186 2508 1232 2595; x_wconf 87' lang='grc' dir='ltr'>μή</span> <span class='ocrx_word' id='word_1_231' title='bbox 1255 2514 1396 2575; x_wconf 80' lang='grc' dir='ltr'><strong><em>τοσοῦτοι</em></strong></span> 
     </span>
     <span class='ocr_line' id='line_1_24' title="bbox 255 2603 1396 2698; baseline -0.003 -22"><span class='ocrx_word' id='word_1_232' title='bbox 255 2620 291 2676; x_wconf 84' lang='grc'>65</span> <span class='ocrx_word' id='word_1_233' title='bbox 308 2610 400 2697; x_wconf 81' lang='grc' dir='ltr'><strong><em>φόνοι</em></strong></span> <span class='ocrx_word' id='word_1_234' title='bbox 433 2603 591 2693; x_wconf 85' lang='grc' dir='ltr'><strong><em>ἇνιιμέσου</em></strong></span> <span class='ocrx_word' id='word_1_235' title='bbox 619 2608 708 2695; x_wconf 76' lang='grc' dir='ltr'><strong><em>ήμῶν</em></strong></span> <span class='ocrx_word' id='word_1_236' title='bbox 735 2610 965 2697; x_wconf 55' lang='lat' dir='ltr'>majanum?</span> <span class='ocrx_word' id='word_1_237' title='bbox 994 2606 1010 2675; x_wconf 81' lang='grc' dir='ltr'>ὅ</span> <span class='ocrx_word' id='word_1_238' title='bbox 1042 2614 1077 2675; x_wconf 79' lang='grc' dir='ltr'>δὲ</span> <span class='ocrx_word' id='word_1_239' title='bbox 1107 2611 1296 2698; x_wconf 70' lang='grc' dir='ltr'><strong><em>ἀποκριθεὶς</em></strong></span> <span class='ocrx_word' id='word_1_240' title='bbox 1314 2604 1396 2676; x_wconf 77' lang='grc' dir='ltr'><strong><em>εἶπεν</em></strong></span> 
     </span>
    </p>
   </div>
   <div class='ocr_carea' id='block_1_4' title="bbox 274 2868 1451 4216">
    <p class='ocr_par' dir='ltr' id='par_1_12' title="bbox 274 2868 1451 4216">
     <span class='ocr_line' id='line_1_25' title="bbox 308 2868 1394 2941; baseline 0.002 -19"><span class='ocrx_word' id='word_1_241' title='bbox 308 2875 461 2922; x_wconf 72' lang='lat' dir='ltr'>necaturum</span> <span class='ocrx_word' id='word_1_242' title='bbox 482 2884 550 2922; x_wconf 78' lang='lat' dir='ltr'>aare.</span> <span class='ocrx_word' id='word_1_243' title='bbox 572 2876 600 2923; x_wconf 84' lang='lat' dir='ltr'>at</span> <span class='ocrx_word' id='word_1_244' title='bbox 620 2870 760 2941; x_wconf 71' lang='lat' dir='ltr'>respondit</span> <span class='ocrx_word' id='word_1_245' title='bbox 785 2888 886 2923; x_wconf 80' lang='lat' dir='ltr'>amerae</span> <span class='ocrx_word' id='word_1_246' title='bbox 909 2868 990 2922; x_wconf 84' lang='lat' dir='ltr'>“heu</span> <span class='ocrx_word' id='word_1_247' title='bbox 1010 2878 1039 2924; x_wconf 87' lang='lat' dir='ltr'>te</span> <span class='ocrx_word' id='word_1_248' title='bbox 1062 2872 1234 2935; x_wconf 77' lang='lat' dir='ltr'>cemicanem,</span> <span class='ocrx_word' id='word_1_249' title='bbox 1259 2870 1394 2924; x_wconf 85' lang='lat' dir='ltr'>hominem</span> 
     </span>
     <span class='ocr_line' id='line_1_26' title="bbox 308 2942 1393 3013; baseline 0.004 -20"><span class='ocrx_word' id='word_1_250' title='bbox 308 2942 471 3005; x_wconf 82' lang='lat' dir='ltr'>immanem,</span> <span class='ocrx_word' id='word_1_251' title='bbox 502 2950 681 2993; x_wconf 79' lang='lat' dir='ltr'>veteratorem</span> <span class='ocrx_word' id='word_1_252' title='bbox 709 2951 738 2993; x_wconf 90' lang='lat' dir='ltr'>et</span> <span class='ocrx_word' id='word_1_253' title='bbox 764 2942 984 3006; x_wconf 81' lang='lat' dir='ltr'>fraudulentum,</span> <span class='ocrx_word' id='word_1_254' title='bbox 1012 2942 1061 3012; x_wconf 82' lang='lat' dir='ltr'>qui</span> <span class='ocrx_word' id='word_1_255' title='bbox 1091 2952 1180 2995; x_wconf 78' lang='lat' dir='ltr'>tantm</span> <span class='ocrx_word' id='word_1_256' title='bbox 1204 2958 1272 3010; x_wconf 75' lang='lat' dir='ltr'>opes</span> <span class='ocrx_word' id='word_1_257' title='bbox 1302 2959 1393 3013; x_wconf 79' lang='lat' dir='ltr'>poete·</span> 
     </span>
     <span class='ocr_line' id='line_1_27' title="bbox 274 3011 1395 3083; baseline 0.001 -20"><span class='ocrx_word' id='word_1_258' title='bbox 274 3062 281 3075; x_wconf 76' lang='grc'><strong><em>,</em></strong></span> <span class='ocrx_word' id='word_1_259' title='bbox 310 3012 398 3075; x_wconf 74' lang='lat' dir='ltr'>deris,</span> <span class='ocrx_word' id='word_1_260' title='bbox 425 3027 476 3063; x_wconf 90' lang='lat' dir='ltr'>nec</span> <span class='ocrx_word' id='word_1_261' title='bbox 503 3014 664 3064; x_wconf 82' lang='lat' dir='ltr'>euccurrerie</span> <span class='ocrx_word' id='word_1_262' title='bbox 696 3012 808 3065; x_wconf 88' lang='lat' dir='ltr'>domino</span> <span class='ocrx_word' id='word_1_263' title='bbox 829 3023 896 3075; x_wconf 88' lang='lat' dir='ltr'>tuo,</span> <span class='ocrx_word' id='word_1_264' title='bbox 915 3014 1080 3080; x_wconf 82' lang='lat' dir='ltr'>imperatori,</span> <span class='ocrx_word' id='word_1_265' title='bbox 1098 3030 1149 3065; x_wconf 90' lang='lat' dir='ltr'>nec</span> <span class='ocrx_word' id='word_1_266' title='bbox 1171 3012 1236 3064; x_wconf 82' lang='lat' dir='ltr'>huic</span> <span class='ocrx_word' id='word_1_267' title='bbox 1253 3011 1330 3077; x_wconf 86' lang='lat' dir='ltr'>urbi,</span> <span class='ocrx_word' id='word_1_268' title='bbox 1350 3031 1395 3083; x_wconf 81' lang='lat' dir='ltr'>pa-</span> 
     </span>
     <span class='ocr_line' id='line_1_28' title="bbox 309 3082 1396 3152; baseline 0.002 -17"><span class='ocrx_word' id='word_1_269' title='bbox 309 3084 379 3135; x_wconf 79' lang='lat' dir='ltr'>triae</span> <span class='ocrx_word' id='word_1_270' title='bbox 403 3085 481 3137; x_wconf 84' lang='lat' dir='ltr'>tuae!</span> <span class='ocrx_word' id='word_1_271' title='bbox 507 3100 581 3135; x_wconf 87' lang='lat' dir='ltr'>nunc</span> <span class='ocrx_word' id='word_1_272' title='bbox 602 3100 666 3135; x_wconf 80' lang='lat' dir='ltr'>vero</span> <span class='ocrx_word' id='word_1_273' title='bbox 695 3100 755 3135; x_wconf 89' lang='lat' dir='ltr'>cum</span> <span class='ocrx_word' id='word_1_274' title='bbox 784 3082 844 3135; x_wconf 76' lang='lat' dir='ltr'>istie</span> <span class='ocrx_word' id='word_1_275' title='bbox 861 3084 992 3151; x_wconf 72' lang='lat' dir='ltr'>nequitiis</span> <span class='ocrx_word' id='word_1_276' title='bbox 1013 3084 1205 3145; x_wconf 76' lang='lat' dir='ltr'>etsraodibue,</span> <span class='ocrx_word' id='word_1_277' title='bbox 1225 3082 1327 3152; x_wconf 82' lang='lat' dir='ltr'>quibus</span> <span class='ocrx_word' id='word_1_278' title='bbox 1349 3084 1396 3137; x_wconf 83' lang='lat' dir='ltr'>de·</span> 
     </span>
     <span class='ocr_line' id='line_1_29' title="bbox 311 3154 1451 3226; baseline 0 -20"><span class='ocrx_word' id='word_1_279' title='bbox 311 3154 384 3207; x_wconf 77' lang='lat' dir='ltr'>ditur</span> <span class='ocrx_word' id='word_1_280' title='bbox 412 3154 487 3207; x_wconf 80' lang='lat' dir='ltr'>fuisti</span> <span class='ocrx_word' id='word_1_281' title='bbox 514 3155 682 3224; x_wconf 80' lang='grc' dir='ltr'><strong><em>αριιοιίιίι,</em></strong></span> <span class='ocrx_word' id='word_1_282' title='bbox 701 3170 744 3205; x_wconf 84' lang='lat' dir='ltr'>me</span> <span class='ocrx_word' id='word_1_283' title='bbox 770 3170 881 3226; x_wconf 84' lang='lat' dir='ltr'>quoque</span> <span class='ocrx_word' id='word_1_284' title='bbox 898 3154 1074 3224; x_wconf 67' lang='lat' dir='ltr'>supplantare</span> <span class='ocrx_word' id='word_1_285' title='bbox 1097 3163 1125 3207; x_wconf 90' lang='lat' dir='ltr'>et</span> <span class='ocrx_word' id='word_1_286' title='bbox 1148 3170 1263 3223; x_wconf 84' lang='lat' dir='ltr'>poenam</span> <span class='ocrx_word' id='word_1_287' title='bbox 1281 3159 1395 3224; x_wconf 71' lang='lat' dir='ltr'>effugere</span> <span class='ocrx_word' id='word_1_288' title='bbox 1445 3182 1451 3197; x_wconf 91' lang='lat'><strong>·</strong></span> 
     </span>
     <span class='ocr_line' id='line_1_30' title="bbox 310 3224 1395 3295; baseline 0 -18"><span class='ocrx_word' id='word_1_289' title='bbox 310 3224 425 3277; x_wconf 73' lang='lat' dir='ltr'>studes?</span> <span class='ocrx_word' id='word_1_290' title='bbox 444 3226 489 3277; x_wconf 90' lang='lat' dir='ltr'>dic</span> <span class='ocrx_word' id='word_1_291' title='bbox 506 3226 582 3290; x_wconf 88' lang='lat' dir='ltr'>mihi,</span> <span class='ocrx_word' id='word_1_292' title='bbox 600 3225 723 3287; x_wconf 71' lang='lat' dir='ltr'>sceleste,</span> <span class='ocrx_word' id='word_1_293' title='bbox 742 3226 804 3295; x_wconf 76' lang='lat' dir='ltr'>quie</span> <span class='ocrx_word' id='word_1_294' title='bbox 822 3234 870 3290; x_wconf 81' lang='lat' dir='ltr'>eat,</span> <span class='ocrx_word' id='word_1_295' title='bbox 890 3226 939 3295; x_wconf 86' lang='lat' dir='ltr'>qui</span> <span class='ocrx_word' id='word_1_296' title='bbox 961 3225 991 3276; x_wconf 83' lang='lat' dir='ltr'>in</span> <span class='ocrx_word' id='word_1_297' title='bbox 1015 3240 1110 3276; x_wconf 73' lang='lat' dir='ltr'>minue</span> <span class='ocrx_word' id='word_1_298' title='bbox 1130 3242 1204 3276; x_wconf 79' lang='lat' dir='ltr'>meac</span> <span class='ocrx_word' id='word_1_299' title='bbox 1223 3224 1340 3277; x_wconf 79' lang='lat' dir='ltr'>tradidit</span> <span class='ocrx_word' id='word_1_300' title='bbox 1355 3226 1395 3277; x_wconf 90' lang='lat' dir='ltr'>di·</span> 
     </span>
     <span class='ocr_line' id='line_1_31' title="bbox 305 3292 1395 3367; baseline 0.002 -22"><span class='ocrx_word' id='word_1_301' title='bbox 305 3296 390 3353; x_wconf 72' lang='lat' dir='ltr'>,vitiaa</span> <span class='ocrx_word' id='word_1_302' title='bbox 404 3304 463 3348; x_wconf 85' lang='lat' dir='ltr'>tuae</span> <span class='ocrx_word' id='word_1_303' title='bbox 482 3304 510 3349; x_wconf 87' lang='lat' dir='ltr'>et</span> <span class='ocrx_word' id='word_1_304' title='bbox 526 3296 596 3348; x_wconf 79' lang='lat' dir='ltr'>hanc</span> <span class='ocrx_word' id='word_1_305' title='bbox 613 3292 746 3348; x_wconf 79' lang='lat' dir='ltr'>urbem?”</span> <span class='ocrx_word' id='word_1_306' title='bbox 773 3294 916 3367; x_wconf 71' lang='lat' dir='ltr'>respondit</span> <span class='ocrx_word' id='word_1_307' title='bbox 931 3295 1045 3348; x_wconf 82' lang='lat' dir='ltr'>Notarne</span> <span class='ocrx_word' id='word_1_308' title='bbox 1065 3292 1186 3347; x_wconf 73' lang='lat' dir='ltr'>“deum&#39;‘</span> <span class='ocrx_word' id='word_1_309' title='bbox 1210 3304 1269 3347; x_wconf 84' lang='lat' dir='ltr'>tum</span> <span class='ocrx_word' id='word_1_310' title='bbox 1297 3312 1395 3348; x_wconf 77' lang='lat' dir='ltr'>amem</span> 
     </span>
     <span class='ocr_line' id='line_1_32' title="bbox 306 3364 1395 3437; baseline 0.004 -22"><span class='ocrx_word' id='word_1_311' title='bbox 306 3364 425 3436; x_wconf 76' lang='lat' dir='ltr'>“quodni</span> <span class='ocrx_word' id='word_1_312' title='bbox 441 3368 507 3417; x_wconf 83' lang='lat' dir='ltr'>dene</span> <span class='ocrx_word' id='word_1_313' title='bbox 526 3367 592 3418; x_wconf 86' lang='lat' dir='ltr'>haee</span> <span class='ocrx_word' id='word_1_314' title='bbox 611 3367 677 3419; x_wconf 90' lang='lat' dir='ltr'>mihi</span> <span class='ocrx_word' id='word_1_315' title='bbox 696 3367 816 3431; x_wconf 78' lang='lat' dir='ltr'>donavit,</span> <span class='ocrx_word' id='word_1_316' title='bbox 831 3376 916 3437; x_wconf 82' lang='lat' dir='ltr'>atque</span> <span class='ocrx_word' id='word_1_317' title='bbox 934 3375 964 3418; x_wconf 91' lang='lat' dir='ltr'>te</span> <span class='ocrx_word' id='word_1_318' title='bbox 981 3374 1010 3419; x_wconf 91' lang='lat' dir='ltr'>et</span> <span class='ocrx_word' id='word_1_319' title='bbox 1026 3366 1145 3435; x_wconf 72' lang='lat' dir='ltr'>reliquos</span> <span class='ocrx_word' id='word_1_320' title='bbox 1162 3368 1192 3419; x_wconf 90' lang='lat' dir='ltr'>in</span> <span class='ocrx_word' id='word_1_321' title='bbox 1211 3383 1310 3419; x_wconf 79' lang='lat' dir='ltr'>manue</span> <span class='ocrx_word' id='word_1_322' title='bbox 1326 3382 1395 3419; x_wconf 72' lang='lat' dir='ltr'>meat</span> 
     </span>
     <span class='ocr_line' id='line_1_33' title="bbox 309 3434 1395 3509; baseline 0.001 -23"><span class='ocrx_word' id='word_1_323' title='bbox 309 3434 424 3497; x_wconf 84' lang='lat' dir='ltr'>dedidit,</span> <span class='ocrx_word' id='word_1_324' title='bbox 442 3436 510 3506; x_wconf 88' lang='lat' dir='ltr'>quid</span> <span class='ocrx_word' id='word_1_325' title='bbox 528 3446 567 3501; x_wconf 86' lang='lat' dir='ltr'>tu,</span> <span class='ocrx_word' id='word_1_326' title='bbox 584 3454 710 3509; x_wconf 80' lang='lat' dir='ltr'>nequam,</span> <span class='ocrx_word' id='word_1_327' title='bbox 730 3438 769 3489; x_wconf 84' lang='lat' dir='ltr'>aia</span> <span class='ocrx_word' id='word_1_328' title='bbox 782 3445 808 3490; x_wconf 92' lang='lat' dir='ltr'>et</span> <span class='ocrx_word' id='word_1_329' title='bbox 829 3438 954 3506; x_wconf 72' lang='lat' dir='ltr'>nugaris?</span> <span class='ocrx_word' id='word_1_330' title='bbox 972 3437 1098 3489; x_wconf 85' lang='lat' dir='ltr'>curmihi</span> <span class='ocrx_word' id='word_1_331' title='bbox 1116 3436 1183 3489; x_wconf 81' lang='lat' dir='ltr'>haec</span> <span class='ocrx_word' id='word_1_332' title='bbox 1198 3453 1256 3488; x_wconf 87' lang='lat' dir='ltr'>non</span> <span class='ocrx_word' id='word_1_333' title='bbox 1270 3446 1336 3489; x_wconf 85' lang='lat' dir='ltr'>aute</span> <span class='ocrx_word' id='word_1_334' title='bbox 1348 3437 1395 3489; x_wconf 83' lang='lat' dir='ltr'>mi·</span> 
     </span>
     <span class='ocr_line' id='line_1_34' title="bbox 309 3506 1396 3577; baseline -0.001 -18"><span class='ocrx_word' id='word_1_335' title='bbox 309 3507 378 3569; x_wconf 75' lang='lat' dir='ltr'>uicti,</span> <span class='ocrx_word' id='word_1_336' title='bbox 402 3523 482 3575; x_wconf 80' lang='lat' dir='ltr'>quum</span> <span class='ocrx_word' id='word_1_337' title='bbox 502 3506 605 3559; x_wconf 85' lang='lat' dir='ltr'>bellum</span> <span class='ocrx_word' id='word_1_338' title='bbox 632 3518 725 3560; x_wconf 83' lang='lat' dir='ltr'>contra</span> <span class='ocrx_word' id='word_1_339' title='bbox 742 3525 790 3560; x_wconf 80' lang='grc' dir='ltr'>τοι</span> <span class='ocrx_word' id='word_1_340' title='bbox 819 3524 1013 3561; x_wconf 80' lang='lat' dir='ltr'>commoverem</span> <span class='ocrx_word' id='word_1_341' title='bbox 1031 3516 1078 3559; x_wconf 88' lang='lat' dir='ltr'>aut</span> <span class='ocrx_word' id='word_1_342' title='bbox 1099 3508 1194 3561; x_wconf 82' lang='lat' dir='ltr'>orbem</span> <span class='ocrx_word' id='word_1_343' title='bbox 1215 3524 1348 3577; x_wconf 80' lang='lat' dir='ltr'>caperem,</span> <span class='ocrx_word' id='word_1_344' title='bbox 1366 3514 1396 3558; x_wconf 86' lang='lat' dir='ltr'>ut</span> 
     </span>
     <span class='ocr_line' id='line_1_35' title="bbox 308 3578 1396 3645; baseline -0.001 -14"><span class='ocrx_word' id='word_1_345' title='bbox 308 3578 360 3631; x_wconf 88' lang='lat' dir='ltr'>tibi</span> <span class='ocrx_word' id='word_1_346' title='bbox 382 3578 480 3645; x_wconf 78' lang='lat' dir='ltr'>gratiae</span> <span class='ocrx_word' id='word_1_347' title='bbox 506 3586 535 3630; x_wconf 86' lang='lat' dir='ltr'>et</span> <span class='ocrx_word' id='word_1_348' title='bbox 567 3580 809 3633; x_wconf 81' lang='lat' dir='ltr'>remunerationem</span> <span class='ocrx_word' id='word_1_349' title='bbox 834 3578 983 3631; x_wconf 82' lang='lat' dir='ltr'>deberem?</span> <span class='ocrx_word' id='word_1_350' title='bbox 1008 3596 1081 3630; x_wconf 86' lang='lat' dir='ltr'>nunc</span> <span class='ocrx_word' id='word_1_351' title='bbox 1099 3580 1173 3630; x_wconf 85' lang='lat' dir='ltr'>enim</span> <span class='ocrx_word' id='word_1_352' title='bbox 1195 3594 1252 3629; x_wconf 89' lang='lat' dir='ltr'>non</span> <span class='ocrx_word' id='word_1_353' title='bbox 1281 3587 1313 3630; x_wconf 87' lang='lat' dir='ltr'>tu</span> <span class='ocrx_word' id='word_1_354' title='bbox 1332 3578 1396 3630; x_wconf 82' lang='lat' dir='ltr'>haee</span> 
     </span>
     <span class='ocr_line' id='line_1_36' title="bbox 308 3647 1395 3720; baseline -0.001 -20"><span class='ocrx_word' id='word_1_355' title='bbox 308 3648 378 3701; x_wconf 87' lang='lat' dir='ltr'>mihi</span> <span class='ocrx_word' id='word_1_356' title='bbox 395 3648 513 3716; x_wconf 66' lang='lat' dir='ltr'>lugidi,</span> <span class='ocrx_word' id='word_1_357' title='bbox 531 3648 579 3700; x_wconf 79' lang='lat' dir='ltr'>aed</span> <span class='ocrx_word' id='word_1_358' title='bbox 598 3648 689 3701; x_wconf 82' lang='lat' dir='ltr'>deue.&#39;&#39;</span> <span class='ocrx_word' id='word_1_359' title='bbox 719 3651 757 3701; x_wconf 81' lang='lat' dir='ltr'>itu</span> <span class='ocrx_word' id='word_1_360' title='bbox 775 3650 867 3701; x_wconf 79' lang='lat' dir='ltr'>atatim</span> <span class='ocrx_word' id='word_1_361' title='bbox 897 3647 1034 3702; x_wconf 80' lang='lat' dir='ltr'>mundarit</span> <span class='ocrx_word' id='word_1_362' title='bbox 1057 3648 1218 3720; x_wconf 80' lang='lat' dir='ltr'>lictoribus,</span> <span class='ocrx_word' id='word_1_363' title='bbox 1235 3657 1268 3700; x_wconf 87' lang='lat' dir='ltr'>ut</span> <span class='ocrx_word' id='word_1_364' title='bbox 1286 3665 1347 3703; x_wconf 87' lang='lat' dir='ltr'>eum</span> <span class='ocrx_word' id='word_1_365' title='bbox 1367 3650 1395 3700; x_wconf 85' lang='lat' dir='ltr'>in</span> 
     </span>
     <span class='ocr_line' id='line_1_37' title="bbox 309 3719 1395 3790; baseline -0.001 -19"><span class='ocrx_word' id='word_1_366' title='bbox 309 3736 441 3773; x_wconf 82' lang='lat' dir='ltr'>carcerem</span> <span class='ocrx_word' id='word_1_367' title='bbox 468 3720 634 3771; x_wconf 85' lang='lat' dir='ltr'>conticerent</span> <span class='ocrx_word' id='word_1_368' title='bbox 654 3728 682 3773; x_wconf 89' lang='lat' dir='ltr'>et</span> <span class='ocrx_word' id='word_1_369' title='bbox 700 3719 846 3788; x_wconf 82' lang='lat' dir='ltr'>diligenter</span> <span class='ocrx_word' id='word_1_370' title='bbox 872 3719 1050 3772; x_wconf 75' lang='lat' dir='ltr'>custodirent.</span> <span class='ocrx_word' id='word_1_371' title='bbox 1077 3719 1210 3790; x_wconf 84' lang='lat' dir='ltr'>poetridie</span> <span class='ocrx_word' id='word_1_372' title='bbox 1229 3736 1291 3772; x_wconf 86' lang='lat' dir='ltr'>eum</span> <span class='ocrx_word' id='word_1_373' title='bbox 1308 3735 1395 3773; x_wconf 79' lang='lat' dir='ltr'>munna</span> 
     </span>
     <span class='ocr_line' id='line_1_38' title="bbox 309 3788 1397 3860; baseline 0.001 -19"><span class='ocrx_word' id='word_1_374' title='bbox 309 3806 400 3841; x_wconf 85' lang='lat' dir='ltr'>coram</span> <span class='ocrx_word' id='word_1_375' title='bbox 417 3807 446 3841; x_wconf 82' lang='lat' dir='ltr'>se</span> <span class='ocrx_word' id='word_1_376' title='bbox 464 3788 563 3841; x_wconf 85' lang='lat' dir='ltr'>adduci</span> <span class='ocrx_word' id='word_1_377' title='bbox 579 3791 659 3842; x_wconf 83' lang='lat' dir='ltr'>iuseit</span> <span class='ocrx_word' id='word_1_378' title='bbox 675 3799 704 3842; x_wconf 86' lang='lat' dir='ltr'>et</span> <span class='ocrx_word' id='word_1_379' title='bbox 723 3790 766 3842; x_wconf 81' lang='lat' dir='ltr'>hie</span> <span class='ocrx_word' id='word_1_380' title='bbox 782 3789 872 3842; x_wconf 73' lang='lat' dir='ltr'>verbio</span> <span class='ocrx_word' id='word_1_381' title='bbox 896 3790 1070 3859; x_wconf 79' lang='lat' dir='ltr'>compellarit</span> <span class='ocrx_word' id='word_1_382' title='bbox 1085 3788 1330 3860; x_wconf 81' lang='lat' dir='ltr'>“quandoquidem</span> <span class='ocrx_word' id='word_1_383' title='bbox 1347 3792 1397 3842; x_wconf 86' lang='lat' dir='ltr'>im·</span> 
     </span>
     <span class='ocr_line' id='line_1_39' title="bbox 309 3860 1397 3931; baseline 0.001 -20"><span class='ocrx_word' id='word_1_384' title='bbox 309 3862 429 3929; x_wconf 77' lang='lat' dir='ltr'>perator-i</span> <span class='ocrx_word' id='word_1_385' title='bbox 447 3868 476 3911; x_wconf 89' lang='lat' dir='ltr'>et</span> <span class='ocrx_word' id='word_1_386' title='bbox 489 3862 593 3929; x_wconf 81' lang='lat' dir='ltr'>patriae</span> <span class='ocrx_word' id='word_1_387' title='bbox 613 3869 675 3913; x_wconf 90' lang='lat' dir='ltr'>tuae</span> <span class='ocrx_word' id='word_1_388' title='bbox 697 3860 829 3913; x_wconf 79' lang='lat' dir='ltr'>diticsimo</span> <span class='ocrx_word' id='word_1_389' title='bbox 857 3860 910 3911; x_wconf 86' lang='lat' dir='ltr'>hoc</span> <span class='ocrx_word' id='word_1_390' title='bbox 926 3860 1063 3921; x_wconf 83' lang='lat' dir='ltr'>thesauro,</span> <span class='ocrx_word' id='word_1_391' title='bbox 1080 3878 1163 3930; x_wconf 88' lang='lat' dir='ltr'>quem</span> <span class='ocrx_word' id='word_1_392' title='bbox 1179 3860 1318 3924; x_wconf 77' lang='lat' dir='ltr'>habebar,</span> <span class='ocrx_word' id='word_1_393' title='bbox 1338 3862 1397 3931; x_wconf 83' lang='lat' dir='ltr'>opi-</span> 
     </span>
     <span class='ocr_line' id='line_1_40' title="bbox 309 3930 1397 4002; baseline 0.001 -21"><span class='ocrx_word' id='word_1_394' title='bbox 309 3930 392 3981; x_wconf 85' lang='lat' dir='ltr'>tulari</span> <span class='ocrx_word' id='word_1_395' title='bbox 409 3931 530 3992; x_wconf 75' lang='lat' dir='ltr'>noluisti,</span> <span class='ocrx_word' id='word_1_396' title='bbox 550 3948 597 3982; x_wconf 86' lang='lat' dir='ltr'>cur</span> <span class='ocrx_word' id='word_1_397' title='bbox 615 3932 770 4002; x_wconf 82' lang='lat' dir='ltr'>imperatori</span> <span class='ocrx_word' id='word_1_398' title='bbox 788 3948 843 3983; x_wconf 87' lang='lat' dir='ltr'>nou</span> <span class='ocrx_word' id='word_1_399' title='bbox 854 3932 973 3994; x_wconf 71' lang='lat' dir='ltr'>euaristi,</span> <span class='ocrx_word' id='word_1_400' title='bbox 988 3949 1072 4002; x_wconf 84' lang='lat' dir='ltr'>quum</span> <span class='ocrx_word' id='word_1_401' title='bbox 1085 3933 1169 3984; x_wconf 82' lang='lat' dir='ltr'>tatem</span> <span class='ocrx_word' id='word_1_402' title='bbox 1187 3948 1237 4001; x_wconf 72' lang='lat' dir='ltr'>ego</span> <span class='ocrx_word' id='word_1_403' title='bbox 1255 3933 1282 3985; x_wconf 86' lang='lat' dir='ltr'>ei</span> <span class='ocrx_word' id='word_1_404' title='bbox 1302 3930 1397 3985; x_wconf 90' lang='lat' dir='ltr'>condi-</span> 
     </span>
     <span class='ocr_line' id='line_1_41' title="bbox 310 4000 1396 4073; baseline 0.001 -22"><span class='ocrx_word' id='word_1_405' title='bbox 310 4001 413 4051; x_wconf 84' lang='lat' dir='ltr'>tionem</span> <span class='ocrx_word' id='word_1_406' title='bbox 430 4002 644 4070; x_wconf 80' lang='lat' dir='ltr'>propoeuimem,</span> <span class='ocrx_word' id='word_1_407' title='bbox 666 4009 697 4054; x_wconf 86' lang='lat' dir='ltr'>ut</span> <span class='ocrx_word' id='word_1_408' title='bbox 712 4002 824 4071; x_wconf 80' lang='lat' dir='ltr'>pacifice</span> <span class='ocrx_word' id='word_1_409' title='bbox 842 4010 871 4055; x_wconf 83' lang='lat' dir='ltr'>et</span> <span class='ocrx_word' id='word_1_410' title='bbox 889 4002 964 4053; x_wconf 84' lang='lat' dir='ltr'>uitro</span> <span class='ocrx_word' id='word_1_411' title='bbox 981 4000 1074 4055; x_wconf 84' lang='lat' dir='ltr'>urbem</span> <span class='ocrx_word' id='word_1_412' title='bbox 1091 4003 1158 4055; x_wconf 86' lang='lat' dir='ltr'>mihi</span> <span class='ocrx_word' id='word_1_413' title='bbox 1174 4002 1269 4066; x_wconf 81' lang='lat' dir='ltr'>duret,</span> <span class='ocrx_word' id='word_1_414' title='bbox 1287 4020 1337 4073; x_wconf 69' lang='lat' dir='ltr'>ego</span> <span class='ocrx_word' id='word_1_415' title='bbox 1355 4004 1396 4053; x_wconf 84' lang='lat' dir='ltr'>itti</span> 
     </span>
     <span class='ocr_line' id='line_1_42' title="bbox 310 4068 1397 4137; baseline 0.006 -18"><span class='ocrx_word' id='word_1_416' title='bbox 310 4068 393 4120; x_wconf 83' lang='lat' dir='ltr'>atium</span> <span class='ocrx_word' id='word_1_417' title='bbox 411 4069 500 4121; x_wconf 90' lang='lat' dir='ltr'>locum</span> <span class='ocrx_word' id='word_1_418' title='bbox 518 4088 576 4123; x_wconf 89' lang='lat' dir='ltr'>cum</span> <span class='ocrx_word' id='word_1_419' title='bbox 596 4071 787 4125; x_wconf 82' lang='lat' dir='ltr'>benevolentia</span> <span class='ocrx_word' id='word_1_420' title='bbox 809 4082 839 4124; x_wconf 89' lang='lat' dir='ltr'>et</span> <span class='ocrx_word' id='word_1_421' title='bbox 862 4073 977 4124; x_wconf 79' lang='lat' dir='ltr'>amicitia</span> <span class='ocrx_word' id='word_1_422' title='bbox 998 4076 1176 4137; x_wconf 59' lang='lat' dir='ltr'>restituerem,</span> <span class='ocrx_word' id='word_1_423' title='bbox 1193 4090 1229 4125; x_wconf 85' lang='lat' dir='ltr'>ne</span> <span class='ocrx_word' id='word_1_424' title='bbox 1244 4080 1337 4127; x_wconf 71' lang='lat' dir='ltr'>tunm</span> <span class='ocrx_word' id='word_1_425' title='bbox 1355 4074 1397 4126; x_wconf 87' lang='lat' dir='ltr'>in·</span> 
     </span>
     <span class='ocr_line' id='line_1_43' title="bbox 310 4140 1397 4216; baseline 0.005 -25"><span class='ocrx_word' id='word_1_426' title='bbox 310 4146 354 4191; x_wconf 87' lang='lat' dir='ltr'>ter</span> <span class='ocrx_word' id='word_1_427' title='bbox 370 4154 419 4194; x_wconf 80' lang='lat' dir='ltr'>noe</span> <span class='ocrx_word' id='word_1_428' title='bbox 438 4141 533 4195; x_wconf 79' lang='lat' dir='ltr'>caeder</span> <span class='ocrx_word' id='word_1_429' title='bbox 559 4140 697 4197; x_wconf 77' lang='lat' dir='ltr'>fierent?”</span> <span class='ocrx_word' id='word_1_430' title='bbox 727 4142 868 4216; x_wconf 69' lang='lat' dir='ltr'>respondit</span> <span class='ocrx_word' id='word_1_431' title='bbox 890 4144 940 4197; x_wconf 84' lang='lat' dir='ltr'>ille</span> <span class='ocrx_word' id='word_1_432' title='bbox 963 4142 1069 4198; x_wconf 81' lang='lat' dir='ltr'>“huiue</span> <span class='ocrx_word' id='word_1_433' title='bbox 1086 4141 1202 4199; x_wconf 86' lang='lat' dir='ltr'>rei&#39;non</span> <span class='ocrx_word' id='word_1_434' title='bbox 1221 4161 1273 4216; x_wconf 66' lang='lat' dir='ltr'>ego</span> <span class='ocrx_word' id='word_1_435' title='bbox 1289 4145 1397 4216; x_wconf 80' lang='lat' dir='ltr'>culpam</span> 
     </span>
    </p>
   </div>
   <div class='ocr_carea' id='block_1_5' title="bbox 0 0 1526 4900">
    <p class='ocr_par' dir='ltr' id='par_1_13' title="bbox 0 0 1526 4900">
     <span class='ocr_line' id='line_1_44' title="bbox 0 0 1526 4900; baseline 0 1"><span class='ocrx_word' id='word_1_436' title='bbox 0 0 1526 4900; x_wconf 95' lang='lat' dir='ltr'> </span> 
     </span>
    </p>
   </div>
  </div>
 </body>
</html>
