3042 4900
553 283 628 347 sm.
647 289 688 348 u.
718 284 811 350 cur.
843 289 900 350 us.
1104 375 1108 383 Ι
1199 263 1277 348 ι35

175 429 216 494 τά
236 433 297 516 τῆς
328 428 457 516 προικός
485 433 587 498 adseri
614 432 737 517 κάστρα
767 437 823 500 καί
851 433 891 500 τά
915 439 973 500 τοῦ
990 436 1140 515 Εὐξείνου
1163 435 1278 504 πόντου

145 523 150 528 ’
176 522 248 613 ἦτοι
275 531 333 612 τῆς
352 524 480 613 μοόρης
498 533 682 618 θαλάσσης,
704 534 744 598 τά
766 538 803 600 δὲ
827 537 962 600 δοθέντα
981 533 1069 620 παρά
1085 539 1144 601 τοῦ
1166 539 1279 604 δεσπό-

173 652 233 694 του
254 628 316 713 κόρ
330 629 499 712 Θεοδώρου
522 631 644 718 κάστρα
666 636 722 699 καί
741 633 905 700 πάντατά
926 637 1279 722 τῆςέπιτροπικῆςτοό

176 731 389 812 Μελισσηυοά
409 730 599 816 Νικηφόρον
619 735 653 797 ἐν
671 734 716 822 τῷ
740 737 960 824 Μεσσηνιακά
980 735 1084 824 κόλπρι
1106 736 1201 800 πάλιν
1220 740 1276 802 δο-

145 830 298 911 5θοόσιν,
320 821 401 894 ὅπου
421 832 451 892 δ’
478 826 519 894 άν
540 829 559 894 6
577 831 729 912 βασιλεός
757 836 919 920 διακρίνῃ,
941 838 1201 921 παρηκολούθησε
1221 837 1277 904 καὶ

175 932 282 1008 τοῦτο,
306 921 383 1013 όπερ
405 921 444 1012 ἧν
464 927 527 993 άπό
549 934 668 1016 μέρους
689 932 793 997 adseri
812 933 985 1014 βεβαιλυσις
1007 932 1196 1022 άποκρόφαυ
1216 961 1274 1019 με-

173 1031 278 1111 λέτης.
325 1027 529 1112 διερχόμενοι
547 1029 604 1115 την
623 1028 701 1096 όδόν
722 1033 778 1114 τῆς
798 1030 937 1116 Πάτρας
956 1037 992 1098 ἐκ
1013 1037 1196 1121 Βοστίτζης,
1221 1037 1274 1101 ἳνα

174 1129 222 1202 είς
243 1124 303 1212 τὴν
324 1131 355 1191 Γ
355 1131 529 1210 λαρόκτζακ
557 1133 614 1194 κοί
641 1128 677 1196 τό
704 1132 929 1212 Χλομοάτζιον
956 1135 1165 1217 α’πέλθωμεν,
1194 1131 1274 1200 ἔνθα

173 1229 232 1296 καὶ
250 1226 270 1312 ἦ
291 1230 463 1308 βασιλισσο
485 1220 541 1312 ἦν,
559 1229 689 1306 σταλείς
708 1231 726 1294 6
745 1232 944 1314 Ἀνδρόνικος
965 1231 1137 1318 Λάσκαρις
1155 1233 1173 1298 6
1199 1241 1275 1300 Πα-

129 1325 286 1411 ιοδιάτης
304 1326 386 1408 πρός
406 1327 484 1404 τούς
508 1330 543 1394 ἐν
568 1331 609 1416 τῇ
630 1327 749 1419 Πάτρρ
772 1323 930 1414 όρχοντας
949 1337 1026 1416 περί
1040 1357 1133 1398 τινων
1153 1331 1275 1398 duodi-

172 1448 257 1490 σεακ
275 1429 402 1490 κάκεϊσε
431 1433 637 1510 προσμείνας,
668 1433 842 1512 συνέτυχον
862 1432 951 1517 αὐτῷ
971 1431 1060 1507 idcirc
1080 1436 1137 1496 καί
1156 1436 1275 1515 ἐξόχως

172 1522 270 1608 ἱερεῖς
289 1547 323 1589 τε
356 1525 413 1590 καί
435 1527 541 1591 λαῖκοί
570 1531 645 1613 περί
670 1532 730 1593 τοῦ
739 1576 749 1612 ,
776 1527 843 1594 εἰό
867 1530 1025 1615 σἰόθέντης
1043 1532 1146 1596 usitari
1165 1537 1273 1614 θέλει,

170 1627 270 1691 αάτοί
288 1622 467 1709 εδρήσωσιν
489 1625 605 1711 τρόπον
625 1631 668 1692 δι’
689 1620 728 1693 06
747 1629 917 1717 παραλάβῃ
939 1629 1038 1708 ου’τός
1055 1613 1273 1716 τηύΠάτρσυ.

170 1723 322 1800 ἐλθόντος
340 1727 377 1789 δὲ
394 1728 453 1789 soei
472 1723 673 1809 Λασκάρεας
688 1731 744 1791 καί
764 1727 903 1804 εἰπόντος
921 1727 1000 1810 μετά
1022 1735 1086 1796 τῶν
1104 1723 1209 1796 ἄλλων
1229 1731 1270 1796 τά
1384 1740 1387 1747 ’

121 1827 237 1892 ιότοόν
259 1826 442 1910 Πατρηνοόν
460 1824 652 1911 δπόιιρυφα,
676 1829 875 1915 άπεπόμφθη
905 1827 954 1904 ὦς’
970 1829 1115 1894 άδάνατα
1139 1835 1195 1894 καί
1215 1855 1272 1894 πε·

169 1922 266 2011 ρισσά
290 1916 446 2008 άόμιουσε
468 1923 525 1989 καί
544 1925 642 2008 ἔλεγε.
664 1926 780 2011 ε’στάλη
802 1920 859 1992 οὖν
879 1930 925 2003 εἰς
944 1926 1086 2014 κεφαλὴν
1105 1934 1161 2013 τῆς
1181 1929 1270 1995 ’tud-

169 2048 234 2108 μης
251 2023 313 2096 καί,
322 2020 516 2108 Ἀνδροόσης
544 2023 563 2089 6
589 2022 685 2102 σάτός
705 2024 970 2112 Αάσκαρις,-ἔτι
998 2029 1034 2094 δὲ
1055 2029 1111 2092 καί
1131 2025 1161 2093 οἱ
1180 2021 1272 2093 ἄλλοι

169 2118 323 2210 ἄρχοντες
344 2123 376 2189 οἱ
404 2127 450 2202 εἰς
471 2123 510 2190 τά
540 2128 642 2192 iustos
662 2126 782 2210 κάστρα
803 2127 1001 2214 κεφαλάδες·
1047 2128 1127 2194 ἄλλά
1151 2129 1192 2213 δη
1217 2130 1273 2195 καί

172 2221 190 2286 6
212 2228 337 2310 πρῶτος
364 2229 427 2290 τῶν
450 2221 614 2308 άρχόνκοιν
640 2230 699 2292 τοῦ
722 2225 808 2291 οἴκου
832 2230 935 2292 ariensi
953 2227 972 2292 6
992 2223 1162 2312 Λάσκαρις
1179 2229 1271 2296 Ἀλέ-

117 2328 237 2403 ποξιος
256 2327 394 2409 ἐλείφθη
420 2327 466 2400 εἰς
487 2324 694 2411 κεφαλάτικον
719 2328 775 2410 τῆς
797 2330 974 2412 Βοστίτζης
993 2327 1048 2390 καί
1067 2331 1271 2410 ἐναπέμεινεν

171 2426 284 2490 εἰιείσι.
332 2420 538 2510 διερχόμενος
566 2417 640 2507 oda,
672 2421 716 2502 σός
747 2426 926 2509 δεδήλωκα,
957 2425 974 2491 6
1006 2423 1095 2509 ἐμός·
1114 2425 1271 2514 δεσπότης

171 2525 230 2589 καί
258 2527 420 2609 αάθέντης
453 2527 523 2606 μετ’
556 2526 639 2605 ἐμοῦ
668 2527 769 2607 μόνου
804 2530 1005 2611 ἐνεργοῦντος
1042 2526 1078 2595 τό
1109 2532 1186 2614 περί
1212 2532 1270 2615 τῆς

244 2700 271 2739 ².
288 2683 349 2752 ἤτοι
367 2715 403 2727 -
421 2683 569 2752 θαλάσσης
583 2703 628 2737 om
648 2688 667 2737 Ρ
737 2704 761 2753 η.
780 2689 923 2755 βοστίτζας
942 2688 961 2737 Ρ
1030 2689 1055 2739 8.
1071 2687 1270 2760 χλσυμοῦτζιΡ

243 2775 271 2827 9.
288 2754 423 2822 πεδιάτης
439 2757 460 2807 Ρ
551 2773 590 2809 sn.
606 2758 700 2810 λαῖκολ
724 2758 849 2827 λέγοντες
867 2760 899 2813 ἐν
913 2762 1073 2829 μυστηρίῳ,
1091 2762 1118 2812 ελ
1134 2790 1167 2799 -
1186 2762 1271 2824 θέλει,

242 2828 353 2899 τρόπον
369 2830 419 2879 καλ
434 2824 564 2900 μηχανὴν
583 2828 744 2893 ποιήσωσιν
755 2824 801 2881 ὑπ’
818 2826 894 2899 αὐτῷ
910 2827 961 2894 τὴν
973 2831 1087 2899 πάτραν
1105 2832 1272 2899 pretereat>

247 2900 287 2950 ι6.
307 2893 327 2951 ἃ
346 2916 390 2950 om
409 2898 428 2948 Ρ
498 2902 606 2961 σταλείς
623 2900 652 2950 Μ
736 2901 774 2953 18.
794 2901 825 2954 ἐν
842 2910 900 2960 τοῖς
917 2928 952 2941 -
970 2899 1139 2973 κάστροιςΡ
1227 2918 1270 2953 ao.

241 2962 295 3037 τὴν
312 2972 460 3039 βοστίτζικκ
477 2972 497 3023 Ρ

172 3114 245 3170 quas
262 3097 329 3151 dote
341 3105 492 3167 acceparat,
506 3114 633 3168 quaeque
647 3098 682 3149 sd
699 3106 813 3168 pontum
829 3098 963 3151 Euxinum
980 3106 1070 3163 erant,
1090 3100 1236 3163 retineret,
1256 3116 1271 3152 a

173 3172 258 3223 fratre
279 3180 371 3223 sutem
389 3168 537 3222 Theodoro
548 3169 721 3233 sibidensis,
740 3178 769 3222 et
791 3186 860 3239 quae
880 3171 992 3223 nomine
1011 3170 1114 3222 tutelae
1126 3168 1271 3239 Nicephori

173 3242 315 3294 Melisseni
335 3240 603 3305 administrabantur,
621 3240 656 3292 ad
669 3241 756 3292 sinum
769 3240 968 3293 Messeniorum
987 3242 1047 3302 sita,
1067 3242 1273 3293 restituerentur

171 3314 272 3375 omnia,
283 3311 395 3382 quando
410 3313 566 3382 imperatori
576 3312 728 3365 videretur:
751 3321 845 3365 secute
858 3312 939 3363 etiam
956 3320 1026 3373 sunt,
1040 3327 1119 3381 quae,
1141 3322 1272 3382 quantum

171 3386 229 3436 ini
264 3401 280 3434 o
301 3392 381 3447 esset,
396 3400 453 3435 rem
475 3382 645 3435 clandestino
671 3383 785 3435 consilio
804 3384 877 3433 inter
895 3398 945 3433 nos
964 3384 1090 3451 agitatam
1110 3380 1145 3433 ad
1168 3384 1271 3435 exitum

170 3472 223 3525 per
243 3463 364 3507 ucerent.
383 3471 445 3505 nam
465 3471 550 3524 quum
569 3456 687 3507 Bostitza
705 3456 797 3507 Petras
819 3454 1011 3517 transiremur,
1030 3462 1061 3504 ut
1085 3454 1273 3524 proficiscere-

169 3542 234 3578 mur
248 3525 423 3578 Giarentsam
441 3533 470 3577 et
488 3524 704 3586 Chiomutziusn‚
722 3524 770 3575 ubi
790 3525 872 3576 etiam
891 3525 983 3593 regina
1001 3533 1076 3588 eret,
1103 3525 1273 3579 Andronicus

169 3597 295 3649 Ιιειαατόε
315 3597 436 3647 Pedistes
454 3596 564 3647 interim
581 3596 684 3647 arbiter
700 3594 737 3646 ad
754 3598 925 3663 magistratus
948 3594 1089 3649 Patrenses
1110 3612 1190 3664 super
1209 3598 1272 3666 qui-

168 3666 286 3719 busdam
307 3669 424 3734 negotiis
440 3668 537 3718 missus
556 3676 614 3719 est:
635 3668 683 3736 qui
702 3684 785 3736 quum
800 3666 904 3719 ibidem
921 3665 1090 3737 aliquamdiu
1109 3675 1270 3731 moraretur,

167 3746 361 3791 convenerunt
379 3755 440 3789 eum
453 3746 510 3790 tum
524 3740 629 3807 privato
649 3749 706 3789 turn
717 3736 830 3806 publico
850 3737 964 3789 consilio
984 3738 1137 3789 sacerdotes
1156 3746 1184 3789 et
1197 3737 1270 3802 iaici,

167 3810 429 3879 promiseruntque,
448 3810 471 3860 si
492 3808 618 3861 domiuus
635 3810 695 3859 eius
713 3808 814 3869 veliet,
835 3824 863 3859 se
881 3806 991 3859 modum
1007 3827 1037 3859 ac
1055 3808 1123 3859 riam
1142 3808 1271 3860 inventu-

167 3898 224 3943 ros,
240 3896 296 3950 qua
315 3880 339 3930 is
361 3896 390 3930 se
408 3879 437 3930 in
454 3880 628 3949 possessione
649 3878 723 3930 urbis
740 3878 895 3930 collocaret·
915 3878 962 3929 ubi
982 3878 1102 3930 Laccuris
1123 3896 1206 3948 quum
1226 3896 1270 3931 re-

168 3951 266 4021 liqua,
284 3959 343 4001 tum
363 3959 465 4001 secrete
480 3948 548 4001 haec
569 3950 734 4002 Patrensium
752 3950 864 4000 consitis
884 3950 1064 4011 renuntiarit,
1083 3948 1183 4001 reiecta
1197 3959 1269 4014 suut,

167 4036 239 4091 quse
262 4020 389 4072 audierat
406 4020 589 4089 dicebatque,
607 4029 638 4071 ut
654 4036 725 4088 quse
741 4036 792 4071 nec
811 4020 869 4071 fieri
889 4028 1000 4090 possent
1020 4029 1048 4072 et
1068 4029 1159 4071 essent
1174 4038 1269 4089 super-

168 4108 297 4144 vacanee.
310 4093 404 4159 itaque
416 4091 445 4143 in
458 4094 655 4161 praefecturam
664 4090 783 4142 [thomes
795 4098 824 4142 et
835 4090 976 4143 Andrusae
991 4088 1062 4142 idem
1074 4091 1169 4143 missus
1180 4102 1230 4153 est,
1241 4100 1270 4143 et

168 4164 217 4214 aiii
234 4171 377 4232 praetereo
398 4164 447 4213 riri
457 4163 551 4215 castris
563 4163 675 4215 istarum
686 4161 825 4231 regionum
837 4161 978 4233 praefecti.
992 4162 1057 4233 quin
1069 4163 1148 4215 etisur
1159 4162 1269 4213 Alexius
