3042 4900
310 312 392 367 212
622 304 794 370 effluet!
831 306 1071 369 plenumst

306 458 509 545 Χριστιανῶν
527 453 595 538 ἔχει
614 458 839 538 ἀξολοθρεῦσαι
860 452 916 518 καί
937 453 1104 539 ἀφανίσαι.
1155 452 1196 515 soi
1219 456 1277 517 νῦν
1299 450 1390 537 καίῆ

305 557 397 632 πόλις
425 558 607 641 η’πορημένη
635 553 703 620 ιὀτί
729 552 783 619 διά
812 552 867 618 τὸν
900 551 1054 637 αῦθένεην
1081 573 1144 633 μου
1172 548 1229 615 καί
1256 556 1389 632 βασιλέα

305 658 419 722 νεωστί
447 655 486 717 sd
519 656 665 737 σκῆπτρα
695 653 854 734 λαβόντα,
885 648 920 727 ts
940 655 995 716 καί
1014 654 1048 716 ἐκ
1070 654 1131 716 τῶν
1153 652 1208 735 τῆς
1227 654 1389 733 βασιλείας

305 754 519 838 εἰσοδημάιων
538 753 638 816 πολλοὶ
658 752 780 837 ἀφείλει
805 749 858 815 did
879 750 933 827 τοὶς
965 748 1090 829 ἐξόδους
1111 752 1165 813 καί
1184 748 1224 813 sd
1248 748 1387 835 φιλόδω-

304 880 372 937 ρα,
404 850 617 933 ἀέχαρίσατο
636 862 700 926 τοῖς
724 848 932 935 στρατιώταις
960 849 1014 915 καί
1033 850 1117 936 πάση
1136 852 1175 935 τῇ
1194 844 1296 934 αὐλῇ·
1337 848 1412 920 διάὅ

304 957 407 1017 δεῖται
431 954 541 1033 καιροῦ
563 953 720 1034 εἰρηνικοῦ
741 948 821 1035 πρὸς
839 948 873 1015 so*
896 932 1131 1033 ἀξοικονομῆσαι
1147 946 1185 1012 sd
1206 951 1263 1031 τῆς
1282 944 1386 1031 μάχης

302 1055 360 1116 καί
378 1055 437 1114 τοῦ
466 1050 605 1130 πολέμου
630 1048 785 1131 ἀναγκαῖα
817 1051 872 1111 καί
890 1046 1059 1131 ἐπιτήδεια.
1101 1045 1156 1111 καί
1175 1044 1233 1111 tob
1255 1045 1310 1111 διά
1330 1046 1386 1123 τάς

303 1152 461 1233 ἀμαρτίιις
479 1146 570 1232 ἡμῶν
594 1144 611 1211 ὅ
632 1146 707 1222 θεὸς
727 1144 969 1234 παραχωρησῃ,
992 1150 1048 1210 καί
1068 1144 1163 1219 odedu
1186 1144 1203 1209 ὅ
1226 1146 1387 1227 ἀλιτήριος

301 1248 364 1315 sind
383 1253 438 1331 τῆς
459 1249 717 1331 νεότητοςαιίτοῦ
748 1250 804 1310 καί
823 1246 1039 1326 κακογναιμίας
1063 1243 1199 1329 ὅρμησαι
1219 1242 1259 1309 ἀν
1279 1244 1385 1329 μα’χην

299 1354 430 1434 ποιῆσαι
458 1346 537 1411 sord
565 1350 621 1429 τῆς
639 1346 778 1426 πόλεως,
812 1341 869 1410 οῦκ
891 1340 961 1409 οἶδα
990 1349 1025 1409 τί
1039 1346 1200 1431 γενήσεται
1220 1348 1266 1422 εἰς
1289 1344 1381 1427 ἡμᾶς.
1396 1364 1427 1407 ιο

297 1452 353 1513 ναῖ
374 1449 503 1529 ἀληθῶς
524 1445 721 1531 εάφρόσονος
738 1446 867 1528 ἀγγελία
886 1438 934 1527 η’ν,
957 1446 987 1510 εἰ
1008 1448 1165 1510 ἀπέθανεν
1186 1445 1203 1509 o‘
1223 1448 1281 1510 νῦν
1297 1466 1383 1528 yero-

298 1545 360 1621 πῶς
379 1550 448 1618 νέος
466 1547 601 1629 ἀμηρῦς,
622 1543 692 1609 ἐπεὶ
711 1543 729 1607 δ
749 1540 854 1628 πατὴρ
886 1546 986 1607 αάιοῦ
1005 1545 1062 1608 οάκ
1083 1538 1168 1627 εἶχεν
1188 1538 1284 1608 ἀλλον
1303 1540 1381 1625 υἱόν,

301 1648 356 1707 καί
376 1648 420 1731 τῷ
439 1648 562 1730 γηραιῷ
594 1646 630 1708 ἐκ
659 1648 714 1724 τῆς
745 1638 845 1726 λῦπης
877 1642 998 1707 ἐδίδοτο
1021 1646 1245 1724 ἀσθένεια,ἐξ
1273 1637 1312 1728 ἧς
1331 1648 1384 1707 καί

259 1736 519 1833 ρςάλιγοχρονία·
561 1747 616 1807 καί
631 1741 745 1807 τοῦτον
767 1741 869 1806 ἕνεκεν
889 1743 934 1818 εἰς
954 1745 1096 1807 κίνδυνον
1108 1741 1163 1806 καί
1179 1746 1384 1825 διχοστασίαν

299 1843 438 1925 μεγάλην
450 1845 611 1907 ἐνέπιπτεν
632 1839 651 1925 ἢ
672 1846 736 1906 τῶν
755 1842 878 1924 ἀσεβῶν
893 1840 991 1926 ἀρχῆ,
1016 1842 1069 1906 καί
1089 1846 1123 1907 ἐν
1141 1846 1186 1931 τῷ
1205 1846 1291 1933 μὲσιρ
1312 1840 1382 1907 τοῦ·
1394 1848 1426 1910 15

300 1966 357 2007 τοο
388 1945 444 2005 τοῦ
465 1945 579 2024 καιροῦ
606 1939 738 2006 δδῦναιο
767 1938 807 2005 ἀν
840 1944 1017 2022 διορθῶσαι
1043 1940 1099 2005 καί
1124 1942 1324 2026 οἰκονομῆσαι
1344 1938 1381 2007 roi

297 2038 417 2120 πάντα,
445 2039 502 2103 καί
522 2042 543 2122 ἦ
564 2036 683 2103 ἑαυτοῦ
703 2042 852 2119 βασιλεία
873 2041 1029 2122 διέβαινεν
1052 2043 1097 2115 είς
1119 2046 1282 2125 κρείττονα
1303 2064 1382 2124 προ-

297 2139 455 2222 τίμησιν.”
496 2137 513 2201 ἀ
536 2140 572 2202 δὲ
591 2140 743 2218 βασιλεῦς
772 2141 1006 2221 Τραπεζοῦντος
1026 2142 1127 2205 εαῦτά
1147 2162 1201 2221 μοι
1225 2138 1287 2227 ἔφη
1303 2134 1382 2204 “od-

295 2236 351 2312 τὰς
370 2233 526 2319 ῦπάρχεις
546 2232 591 2311 εἷς
614 2240 677 2301 τῶν
697 2240 860 2322 φρονίμων
880 2230 1042 2320 ἀρχόντων
1055 2237 1111 2303 καί
1130 2242 1307 2323 πρακτικῶν
1327 2241 1382 2322 τῆς

297 2338 397 2422 αάλῆς
417 2336 542 2420 ἐκείνης,
565 2339 620 2400 καί
638 2335 799 2419 γινῶσκεις
825 2344 962 2417 κρεῖττον
983 2341 1059 2419 περί
1076 2335 1214 2402 τούτων·
1252 2332 1342 2419 ,ὅμως
1361 2335 1422 2404 iao

294 2434 382 2518 θεὸς,
404 2434 447 2510 ῶς
468 2434 613 2518 δυνατός,
634 2434 759 2520 ποιήσει
780 2432 878 2500 αῦτὸν
897 2438 942 2511 εἰς
963 2434 1117 2519 ἀγαθόν.”
1136 2434 1221 2522 κάγῶ
1246 2439 1378 2524 ἀποκρι-

294 2539 364 2612 θεὶς
383 2531 457 2599 sina
484 2533 582 2599 “λιἀν
605 2534 788 2620 εάχαριστῶ
812 2537 854 2621 τῇ
884 2540 1096 2626 καλοκαγαθίᾳ
1124 2539 1181 2603 καί
1199 2542 1379 2624 προαιρέσει

367 2737 393 2858 η.
411 2737 460 2786 καὶ
477 2731 675 2804 odoramur?
757 2737 785 2788 6.
804 2734 958 2807 ιῆςμάχης
977 2737 1055 2790 omP
1123 2751 1166 2789 ao.
1184 2736 1200 2791 d
1217 2730 1283 2799 θεὸς
1303 2735 1379 2811 ὅμως

401 2804 464 2858 dP
555 2819 597 2854 aa.
617 2802 738 2858 είπονΡ

296 2965 382 3018 nisset
399 2973 427 3018 st
448 2980 530 3032 regno
542 2963 648 3035 potitus
669 2971 748 3028 esset,
764 2967 950 3028 Romanorum,
967 2965 1021 3018 imo
1030 2965 1241 3021 Christianorum
1259 2973 1378 3024 omniurn

296 3037 437 3108 imperium
465 3035 633 3106 perditurum
659 3044 687 3086 et
704 3037 865 3087 deleturum.
892 3045 921 3088 et
941 3053 1005 3088 vero
1030 3037 1093 3089 urbs
1111 3057 1182 3090 nunc
1203 3041 1230 3091 in
1248 3044 1377 3110 angustiis

298 3117 340 3160 est
355 3115 465 3177 propter
484 3107 631 3175 principem
649 3122 738 3156 meum
755 3115 784 3158 et
801 3108 987 3176 imperatorem
1001 3123 1092 3160 recens
1111 3127 1220 3178 regnum
1240 3113 1376 3182 adeptum,

298 3180 342 3230 cui
361 3177 395 3228 de
417 3176 547 3229 reditibus
565 3176 672 3245 imperii
688 3175 789 3242 grande
815 3193 859 3227 aes
877 3178 994 3228 alienum
1024 3179 1182 3232 solvendum
1200 3191 1249 3245 est,
1267 3192 1376 3254 propter

298 3247 485 3318 expeditiones
516 3257 544 3299 et
566 3247 695 3298 donativa
720 3255 779 3296 tum
806 3246 952 3310 militibus,
971 3257 1027 3300 tum
1045 3252 1147 3304 eunctis
1165 3253 1260 3304 aulicis
1279 3253 1374 3305 collata

298 3317 450 3371 condatum.
478 3333 561 3386 quare
585 3315 749 3385 temporibus
775 3316 889 3387 placatis
907 3335 976 3387 opus
995 3328 1053 3383 est,
1078 3329 1108 3371 ut
1125 3322 1204 3373 rebus
1223 3321 1258 3373 ad
1275 3323 1375 3376 beilum

297 3389 456 3440 necessariis
474 3397 502 3438 et
517 3385 622 3438 idoneis
639 3404 668 3438 se
681 3388 806 3438 instruat.
821 3387 895 3456 quod
907 3389 929 3440 si
949 3389 1014 3440 deus
1031 3399 1142 3460 propter
1157 3402 1268 3461 peccata
1287 3401 1375 3446 nostra

299 3456 469 3517 concesserit,
486 3465 517 3506 ut
535 3471 651 3527 nequam
669 3457 726 3521 ille,
744 3457 856 3508 iuvenili
876 3457 987 3512 audacia
999 3469 1027 3511 et
1043 3461 1126 3512 animi
1145 3464 1277 3530 pravitate
1294 3473 1375 3526 actus,

298 3529 394 3581 urbem
411 3525 486 3576 bello
506 3525 692 3594 aggrediatur,
712 3529 804 3579 nescio
831 3528 966 3598 equidem,
991 3529 1058 3602 quid
1084 3531 1163 3582 nobie
1194 3533 1314 3586 futurum
1332 3535 1374 3586 sit.

298 3601 422 3672 profecto
442 3595 508 3646 felix
529 3599 639 3649 nuntius
656 3599 734 3660 foret,
751 3599 775 3649 si
791 3599 924 3662 iuvenem,
948 3601 995 3684 ηαί
1012 3617 1084 3652 nunc
1101 3617 1203 3656 amerus
1222 3605 1308 3656 factus
1327 3611 1376 3666 est,

299 3673 402 3724 obiisse
418 3667 573 3730 nuntiares,
601 3667 735 3738 siquidem
754 3676 831 3738 pater
849 3670 905 3720 eius
924 3671 1006 3721 atrum
1028 3671 1113 3723 filium
1134 3688 1190 3724 non
1217 3673 1331 3726 heberet
1349 3683 1376 3725 et

297 3743 393 3794 senie
419 3740 495 3790 luctu
523 3737 639 3789 oriretur
657 3741 821 3806 aegrotatio,
848 3755 881 3790 ex
909 3741 1093 3808 aegrotatione
1119 3742 1270 3796 deminutio
1287 3746 1376 3796 vitaer

296 3812 371 3864 unde
387 3813 416 3863 in
437 3807 586 3880 perieulum
604 3817 631 3858 st
649 3823 771 3876 magnam
793 3807 953 3861 seditionem
976 3810 1109 3864 incideret
1126 3815 1269 3882 impiorum
1289 3816 1375 3884 impe-

295 3882 375 3945 rium,
392 3889 484 3933 nostra
502 3886 591 3928 autern
611 3879 716 3929 interim
736 3879 825 3930 omnia
843 3879 948 3931 restitui
968 3889 995 3932 et
1012 3881 1191 3936 administrari
1207 3893 1327 3953 possent,
1345 3891 1377 3936 ut

296 3953 442 4002 auotoritas
464 3949 634 4017 imperatoris
658 3947 722 3998 inde
751 3948 824 3998 baud
842 3949 924 4016 paulo
944 3949 1102 4004 honoratior
1125 3970 1233 4005 suasura
1254 3951 1375 4007 suisset?

293 4029 352 4074 turn
371 4038 416 4071 rex
432 4019 629 4090 Trapezuntius
647 4018 686 4071 iu
704 4019 859 4087 respondit:
876 4016 931 4070 “tu
961 4037 1043 4089 quum
1059 4024 1118 4092 ipse
1137 4025 1171 4076 sis
1189 4042 1259 4076 unus
1277 4042 1292 4077 s
1310 4043 1375 4094 pru-

294 4091 421 4142 dentibus
440 4099 466 4141 et
484 4091 578 4158 peritis
591 4089 654 4139 viris
671 4089 745 4139 iltius
762 4087 849 4150 auiae,
867 4091 963 4140 metius
983 4093 1077 4164 utique
1094 4095 1145 4146 ista
1161 4097 1271 4147 novisti.
1290 4097 1376 4147 euim·

292 4179 357 4220 vero
375 4160 450 4223 deus,
470 4169 575 4231 quaest
592 4159 725 4231 potentia,
742 4158 811 4230 frugi
823 4159 901 4214 illum
922 4159 1028 4216 faciet?
1040 4162 1086 4217 bie
1096 4181 1146 4235 ego
1160 4163 1312 4236 “magnas''
1329 4166 1375 4218 in-
