3042 4900
324 282 408 367 5oo
625 304 792 368 10ANNts
822 298 1095 365 ausonomsn

320 460 468 545 ρηκέναι,
490 455 544 517 καί
564 451 608 527 κός
638 460 731 517 πλοῖα
751 446 1048 537 παρασκευάσεται,
1070 450 1125 513 sui
1141 448 1267 525 τούτοις
1286 449 1325 513 ἵν’
1345 448 1400 513 rimi

318 561 378 625 τού
397 552 477 621 κατὰ
497 552 660 618 θύλατεαν
678 556 796 635 μέρους
825 548 925 625 ι’όνιες
954 552 1035 633 πρός
1063 546 1170 623 διττός
1189 546 1401 631 ἀναγκάσωσιν

319 657 404 742 ἡμᾶς
432 654 863 739 ύσχοληθῆναιιφροντέδας.
913 646 1004 713 ‘duod
1025 646 1154 735 σφόδρα
1176 645 1233 724 τοὶς
1253 647 1401 729 ἡμετέρας

259 753 431 837 ελῖψυχός
452 749 617 835 διετάραξε
637 753 693 815 καὶ
711 753 757 825 εἰς
775 752 909 831 duorlar
929 751 1074 831 ἐνέβαλεν
1096 743 1195 831 όσην,
1223 746 1269 821 rte
1286 744 1403 831 βλάβην

317 853 395 941 ἡμῖν
415 852 590 933 δυνάμενον
609 844 648 913 ού
664 848 722 934 την
738 851 899 931 τυχοῦσαν
920 850 1098 932 ἐπαγαγεῖν.
1116 850 1221 931 δειλης
1240 850 1427 931 τοιγαρσύν5

317 954 456 1035 ταντησδ
480 951 684 1034 γεγενημένης
709 951 765 1032 τῆς
783 948 946 1031 ἀγγελίας,
966 950 1021 1011 καί
1040 942 1166 1011 πόντων
1188 944 1278 1029 ἡμῶν
1299 948 1335 1011 ἐν
1354 970 1405 1010 πε·

318 1048 458 1138 ρισεόσει
480 1054 538 1114 καί
556 1054 717 1133 λογισμοῖς
746 1037 844 1113 όντων
864 1049 931 1123 πυός
953 1040 992 1113 όν
1014 1049 1232 1137 διαεεᾷειήμεν
1251 1044 1333 1129 πρός
1355 1046 1406 1111 τὸν

318 1152 466 1234 πόλεμον,
489 1148 590 1233 πόσης
609 1171 643 1212 τε
663 1146 779 1229 σχεδόν
809 1147 934 1229 ἡλικίας
955 1139 1050 1231 ούσης
1071 1147 1106 1209 ἐν
1127 1143 1320 1229 ἐγρηγόρσει,
1340 1144 1406 1228 δεὴ·

318 1274 386 1325 σεις
405 1252 539 1322 ἐκτενεῖς
559 1250 625 1335 θεῷ
645 1250 699 1311 καί
717 1248 761 1333 τῷ
779 1242 963 1333 μσρσβλύτῃ
982 1244 1122 1329 μάρτυρι
1137 1246 1210 1309 καθ’
1233 1240 1309 1329 όλην
1331 1247 1405 1309 ἐκεί·

318 1374 376 1433 νην
394 1346 615 1443 προσαγόντων
634 1344 693 1428 την
712 1342 806 1409 νύκτα
831 1343 960 1427 (πάντες
979 1342 1040 1428 γόρ
1070 1337 1190 1431 Ιἤδεσιιν
1210 1344 1244 1407 ἐν
1262 1346 1333 1431 χρῷ
1354 1348 1407 1407 τού
1419 1370 1449 1411 ιο

318 1445 466 1514 κινδύνου
486 1448 748 1530 καθεστηκέναι),
763 1468 765 1475 ’
782 1441 812 1507 oi
833 1448 967 1509 Austros
988 1448 1063 1526 περὶ
1083 1447 1201 1507 πολλού
1224 1442 1259 1508 τό
1282 1444 1343 1507 τού
1360 1446 1408 1508 αι’.

317 1550 433 1631 γιαλού
453 1544 637 1623 ποιούμενοι
656 1548 754 1625 μέρος
783 1542 837 1608 διδ
865 1541 924 1617 τός
944 1551 1030 1627 τρεῖς
1052 1542 1089 1606 αἳ
1102 1544 1248 1627 παρῆσαν
1266 1546 1304 1629 τῇ
1325 1542 1409 1606 πόλει

318 1644 475 1730 τριήρεις,
501 1643 545 1728 μη
571 1642 668 1725 πυρός
692 1640 784 1725 ἔργον
803 1640 921 1717 ταύτας
941 1638 1088 1717 ἐλθόντες
1109 1638 1138 1704 oi
1164 1645 1299 1726 Τούρκοι
1321 1642 1408 1724 ποιη-

318 1768 419 1824 σωσι,
441 1739 515 1817 τούς
542 1748 634 1825 σφῶν
655 1744 796 1825 τοξότας,
817 1746 1067 1825 μεμερισμένους
1094 1732 1187 1818 όντας
1207 1740 1262 1805 ἐπδ
1283 1744 1410 1826 φυλακῇ

318 1847 383 1909 τοῖν
402 1846 526 1924 τειχιόν,
547 1842 772 1925 δπαναχωρεῖν
791 1840 908 1915 αυέσύς
929 1838 1100 1923 περιιόντες
1114 1842 1327 1923 ἐπέσκηπτον,
1350 1842 1449 1909 crissi

320 1934 427 2007 citior
448 1941 506 2025 την
534 1943 648 2023 σκέψιν
677 1938 797 2023 ταύτην
825 1938 870 2025 μὴ
889 1940 1114 2021 γινωσκόντων,
1137 1942 1211 2024 μηδ’
1233 1933 1311 2023 ὅπερ
1334 1932 1409 2003 ἐκεύ-

319 2066 385 2116 νοις
404 2037 423 2126 ἧ
448 2038 510 2104 α’πό
531 2042 592 2105 εαῖν
613 2045 728 2121 τειχῶν
748 2040 899 2120 βούλεται
922 2036 1133 2123 α’ναχιύρησις.
1176 2042 1207 2105 εἰ
1224 2039 1284 2123 γοὶρ
1312 2044 1409 2103 καθα·

319 2143 383 2227 ριός
404 2138 558 2223 ἐγύμνουν
587 2137 624 2203 τό
647 2143 801 2223 πρᾶγμα,
831 2138 874 2213 uic
904 2141 958 2203 ἐπί
976 2140 1105 2225 φυλακῇ
1131 2142 1189 2203 τού
1208 2143 1334 2219 λιμένος
1359 2142 1411 2203 καί

319 2244 383 2305 τεόν
402 2244 541 2325 τριηρῶν
566 2236 817 2321 καταβιβύζουσι
846 2236 974 2313 τούτους
994 2238 1052 2301 τοῦ
1075 2239 1221 2320 τείχους,
1249 2238 1409 2311 sustantes

321 2334 463 2424 ἐνῆσαν
483 2336 512 2403 οἱ
534 2340 805 2421 περιλελειμμένον
824 2340 867 2423 τῷ
884 2338 993 2419 τείχει,
1015 2338 1071 2400 καὶ
1091 2339 1150 2401 ούκ
1169 2332 1209 2401 δν
1230 2335 1336 2423 φυγήν
1355 2335 1449 2405 ssi-ao

321 2439 383 2504 τεόν
415 2436 633 2504 ύπετόπασαν.
685 2439 754 2502 ἄλλ’
782 2432 894 2522 ἥκιστα
923 2438 1045 2520 γέγονεν
1066 2434 1169 2520 ούτω,
1200 2435 1408 2521 ειδντεύδενῆ

262 2540 448 2628 339ἐκεένων
467 2535 529 2603 uiui
550 2539 607 2602 τού
627 2539 752 2620 τεύχους
779 2534 940 2612 διάστασις
960 2539 1080 2600 δειλίαν
1111 2536 1150 2601 σύ
1171 2535 1229 2620 τήν
1249 2537 1409 2620 rugosiore

321 2644 391 2712 ταῖς
409 2633 556 2702 ἁπάντων
568 2640 658 2722 ἐνῆκε
672 2645 806 2720 ψυχαῖς,
822 2639 877 2701 καί
898 2632 978 2701 κατὰ
997 2632 1031 2702 τό
1055 2638 1152 2718 μέσον
1170 2634 1248 2702 αύτό
1270 2639 1328 2722 τῆς
1355 2659 1408 2700 νυ.

392 2835 419 2874 n.
434 2820 485 2876 τού
502 2837 546 2874 om
561 2821 585 2874 Δ

323 2993 371 3029 τοι
388 2992 499 3048 quoque
517 2992 708 3049 praeparasse,
725 2975 826 3046 quibus
838 2993 887 3048 per
906 2993 977 3028 mare
997 2977 1148 3048 irrumpens
1166 2975 1268 3048 duplici
1285 2993 1335 3029 nos
1353 2993 1408 3028 mo·

323 3048 404 3101 lestis
418 3047 565 3101 afflictaret
586 3047 635 3100 sed
649 3048 832 3118 maximopere
850 3050 968 3099 rationes
981 3057 1085 3100 nostras
1099 3048 1278 3110 conturbavit,
1296 3064 1408 3118 suspen·

324 3137 423 3189 rosque
435 3119 481 3170 diu
494 3119 584 3171 tenuit
594 3120 706 3179 animos,
719 3126 847 3188 tanquam
858 3118 932 3192 quod
944 3120 1038 3187 ingens
1051 3127 1253 3188 apportaturum
1266 3129 1338 3172 esset
1355 3136 1408 3170 ma-

323 3191 398 3256 lum,
420 3199 448 3240 et
465 3189 630 3242 discruciatis
650 3199 758 3259 pectore
777 3193 925 3242 consistere
947 3191 1055 3240 consilii
1072 3189 1142 3240 nihii
1158 3197 1274 3258 poterat.
1294 3189 1347 3242 hoc
1364 3207 1407 3241 ac-

324 3269 403 3330 cepto
422 3263 523 3312 nasucio
542 3259 592 3312 sub
609 3277 757 3330 vesperam,
776 3279 835 3312 curn
847 3261 927 3312 variis
947 3259 1153 3313 necessitatibus
1174 3277 1337 3330 urgeremur,
1356 3259 1409 3312 dis-

324 3331 546 3402 traberenrurque
569 3331 788 3383 solicitudinibus
809 3349 863 3398 quo
881 3339 961 3402 pacto
980 3347 1030 3382 nos
1056 3333 1085 3382 in
1101 3331 1175 3382 helio
1195 3347 1365 3398 gereremus,
1383 3337 1409 3381 et

324 3403 412 3453 omnis
436 3402 576 3453 hominum
603 3410 677 3453 setas
704 3403 857 3470 evigilaret,
885 3418 978 3472 precer
998 3401 1049 3453 deo
1070 3409 1099 3453 et
1116 3401 1285 3469 myroblytse
1302 3400 1410 3468 martyri

324 3489 375 3542 per
402 3481 483 3523 totam
509 3473 586 3523 iliam
610 3481 718 3524 noctem
743 3473 921 3534 effundimus,
947 3473 1091 3524 imminens
1109 3471 1243 3542 siquidem
1262 3473 1410 3544 perieulum
1468 3472 1473 3481 “

324 3552 484 3613 certumque
511 3551 573 3594 ante
603 3545 694 3594 oculos
714 3551 780 3595 erat.
828 3543 919 3595 Latini
943 3560 1006 3597 sero
1025 3551 1128 3612 partem
1155 3545 1244 3595 iitoris
1262 3543 1409 3612 pendentes

326 3615 443 3675 maximi,
465 3614 544 3665 trium
563 3613 709 3665 triremium
727 3631 815 3678 causa,
835 3631 905 3683 quae
923 3615 952 3666 in
971 3615 1064 3665 urbem
1083 3621 1299 3683 penetraverent,
1315 3631 1350 3668 ns
1367 3629 1410 3666 ess

326 3683 440 3736 flammis
466 3700 514 3734 suo
538 3683 656 3736 adventu
677 3685 782 3736 Tuscae
814 3684 1003 3750 absumerent,
1028 3685 1179 3753 sagittarios
1205 3683 1239 3736 ad
1264 3683 1411 3736 custodiam

326 3771 463 3806 murorum
481 3754 637 3824 dispertitos
655 3756 802 3818 secedere,
823 3755 878 3807 aiio
902 3764 984 3826 atque
1001 3756 1056 3808 alio
1080 3757 1245 3823 migrantes,
1264 3755 1411 3816 iusserunt,

328 3827 442 3894 reliquis
469 3842 575 3876 causam
599 3827 639 3877 rei
658 3825 844 3893 ignorantibus
867 3834 896 3876 et
935 3824 983 3877 uid
1001 3843 1017 3878 e
1034 3827 1117 3878 muris
1135 3826 1251 3877 secessio
1278 3825 1409 3878 innueret.

328 3897 430 3947 etenim
450 3897 471 3946 si
492 3897 591 3946 factum
607 3895 690 3968 plane
708 3899 884 3965 aperuissent,
902 3843 937 3949 ad
956 3895 1164 3948 custodiendum
1184 3897 1290 3950 scilicet
1307 3905 1411 3966 portum

329 3971 357 4016 et
376 3967 498 4018 triremes
515 3983 561 4018 eos
579 3985 595 4017 a
621 3968 704 4018 muris
725 3967 839 4029 avocari,
858 3968 905 4037 qui
928 3969 957 4020 in
974 3971 1058 4019 muris
1076 3965 1260 4019 defendendis
1277 3983 1410 4019 remense·

328 4045 396 4097 rant,
416 4053 464 4106 spe
483 4053 539 4088 non
557 4037 629 4088 maia
646 4037 754 4100 iactati,
780 4038 871 4104 iugum
896 4038 971 4089 iiiam
989 4055 1048 4089 esse
1067 4039 1194 4106 suspicati
1213 4057 1270 4091 uon
1288 4039 1410 4091 fuissent.

328 4105 422 4157 rediri
443 4106 497 4157 aiio
514 4105 594 4159 modo
612 4109 717 4172 evenit,
735 4116 869 4160 eteorum
888 4125 904 4159 a
920 4110 1004 4161 muria
1018 4124 1138 4161 secessus
1156 4111 1299 4162 maximum
1317 4112 1347 4162 in
1363 4125 1410 4178 pe-

327 4183 402 4229 ctora
419 4178 538 4252 smmum
552 4187 655 4233 metum
672 4179 776 4243 iniecit,
796 4177 864 4232 adeo
882 4187 914 4234 ut
940 4179 1031 4234 media
1047 4180 1108 4251 ipss
1124 4189 1204 4235 nocte
1223 4181 1290 4252 iuge
1305 4181 1411 4235 etmer-
