3042 4900
284 239 335 372 ii
599 281 776 361 cnouc'u
806 295 1049 360 mmmmm

278 451 409 531 νάμενος
430 448 599 524 τοσούτους
621 445 679 513 καί
696 445 862 520 τοιούτους
884 446 1046 519 κλύδωνας
1064 443 1122 512 καί
1130 446 1300 522 θαλάσσας
1322 471 1377 511 uu·

278 551 431 631 βερνῆσαι
450 551 507 614 καί
525 546 584 623 τάς
604 551 683 622 ναύς
702 549 758 611 καί
774 543 849 620 τούς
870 551 1023 619 πλέοντας
1044 543 1084 610 ού
1095 545 1220 628 βλάψαι
1239 541 1264 629 ἢ
1280 570 1379 610 ιιατα-

279 650 434 714 ποντίσιιι.
487 645 590 733 δφάνη
626 645 714 735 αύτῷ
743 647 819 728 περί
846 645 904 709 τού
924 645 1092 726 εἰρημένω
1114 647 1286 729 Κυμνηνσύ
1305 650 1379 710 Μι-

277 745 364 829 χαάλ
384 747 438 812 ἵνα
459 743 514 810 διά
535 749 719 828 συνδρομῆς
741 743 843 808 adrat
864 743 908 830 τῷ
927 741 1021 807 παιδί
1041 739 1199 829 βοηθήσῃ.
1241 737 1282 826 ἦν
1302 741 1378 807 dte

280 843 360 931 άνηρ
384 853 449 921 τοῖς
472 847 569 912 πᾶσιν,
589 847 742 927 ἐπίσημος
764 839 821 906 καί
839 845 1067 924 περίβλεπτος,
1089 838 1182 925 ιιαίῆ
1205 840 1298 928 φήμη
1318 843 1410 916 nai-5

279 947 337 1008 τού
357 942 414 1019 τάς
441 946 503 1012 τών
533 944 679 1012 ἁπάντων
707 940 809 1015 άιιυάς
839 941 1044 1024 δνηχίζουσα.
1100 937 1292 1026 φιλούμενυς
1313 942 1378 1006 ύπδ

280 1047 422 1124 πολλῶν,
454 1043 496 1120 ώς
528 1040 671 1128 εἴρηται,
700 1039 819 1122 ὁμοίως
838 1043 894 1104 καί
915 1037 933 1102 i
954 1041 1154 1123 πατριάρχης
1180 1042 1254 1130 τών,
1264 1043 1382 1106 ἐκεῖνον

282 1140 477 1226 ἀγαπώντων
499 1137 537 1206 ού
559 1139 687 1224 μακράν
708 1141 854 1220 διέκειτο,
877 1137 960 1204 citici
976 1147 1116 1222 κρεῖττον
1129 1142 1184 1202 καί
1203 1141 1299 1204 πλέον
1316 1141 1384 1204 τών

272 1345 457 1424 ,βασιλικῶν
484 1343 661 1423 θησαυρῶν
695 1338 785 1426 adrui
817 1339 905 1425 μόνιρ
935 1337 1151 1402 ίνεπίστευεν·
1204 1336 1260 1404 καί
1287 1335 1436 1408 induro

280 1437 455 1528 χρημάτων
484 1439 524 1504 τὰ
545 1435 758 1524 στρατιωτικά
781 1434 888 1502 ittera
918 1432 1092 1520 πράγματα
1113 1435 1210 1521 ναίὴ
1233 1438 1297 1503 τών
1316 1460 1383 1501 νοι-

283 1543 348 1606 νών
367 1540 484 1622 χρεία,
515 1533 601 1625 αύτῷ
631 1536 792 1624 ἀπῄτουν·
842 1530 918 1620 ὅπερ
940 1538 988 1609 εἰς
1015 1532 1056 1601 τά
1085 1533 1287 1619 μελοτώμενά
1309 1559 1385 1602 ποτε

284 1641 395 1722 ιιοιιρύν
414 1636 596 1720 ἔμπροσθεν
617 1637 658 1700 δι’
681 1635 784 1702 αύτού
801 1631 1057 1718 ἀνυσιμώτατον,
1076 1638 1210 1711 καὶτοῖς
1225 1640 1385 1721 θρυλλου·

282 1742 391 1820 μένοις
412 1739 448 1802 ἐν
469 1739 589 1801 πολλού
609 1739 709 1821 πέρας
730 1731 880 1812 άξύτατον
910 1735 1086 1819 παρέσχεν.
1128 1735 1299 1818 λαβόμενος
1320 1733 1384 1819 γάρ

282 1836 393 1912 άδείας
413 1837 461 1912 εἰς
492 1839 635 1900 τυσαύτα
661 1836 949 1918 μεταχειρίζεσθαι
976 1828 1147 1918 χρήματα,
1169 1835 1292 1912 πάντας
1309 1832 1387 1912 τούς
1400 1847 1438 1910 15

283 1938 318 2002 ἐν
343 1938 428 2018 γένει
453 1933 509 2001 κατ’
535 1937 600 2000 τών
627 1937 830 2018 στρατιωτῶν
857 1933 915 2000 otiu
937 1928 1067 2017 άλίγους
1086 1936 1269 2019 ύνὲπλησεν,
1302 1934 1385 1999 dit&

283 2039 339 2100 καί
353 2033 418 2102 τών
438 2028 507 2098 ὅσοι
525 2030 584 2116 την
597 2037 746 2115 γλώσσσν
768 2029 885 2120 ῥᾳδίαν
901 2025 988 2114 εἶχον
1004 2035 1205 2116 δημαγωγεῖν
1215 2032 1271 2099 τάν
1290 2025 1388 2116 ὄχλον

285 2130 481 2219 [σ’δύνοτντο].
524 2125 565 2216 ἦν
586 2134 622 2196 δὲ
644 2136 701 2198 καί
722 2128 823 2204 αάτάς
853 2125 1066 2213 άΚομνηνάς
1086 2127 1250 2206 isturicie
1271 2133 1389 2214 γνώσει

284 2257 319 2300 τι
339 2230 395 2300 καί
413 2230 548 2315 πράξει,
569 2230 626 2294 καί
644 2231 678 2295 ἐν
697 2229 742 2317 τῷ
755 2233 858 2311 λέγειν
871 2227 1142 2312 ἐπιτηδειότατος,
1162 2233 1220 2294 καί
1238 2226 1388 2315 ἔμπειρος

285 2327 480 2418 πραγμάτων
508 2331 665 2393 παντοίων
689 2325 747 2390 καί
772 2324 941 2410 βασιλείαν
970 2326 1025 2391 καί
1045 2325 1121 2393 λαὸν
1142 2330 1314 2415 διοικῆσαι.
1353 2331 1438 2406 τίῃο

360 2536 382 2569 ι.
410 2512 564 2573 τοσούτους
589 2509 740 2571 κινδύνους
765 2512 815 2564 καὶ
837 2509 1128 2571 announcement
1231 2530 1257 2569 a.
1275 2516 1388 2582 νῆαςΡ

358 2588 384 2638 3.
400 2580 505 2659 μιχαὴλ
525 2584 576 2640 τού
590 2580 772 2673 κογινηνοῦΡ
826 2583 851 2650 4.
864 2582 962 2655 παιδὶ]
980 2582 1139 2657 πατριάρχη
1157 2582 1187 2636 Μ
1239 2586 1388 2657 &ipepot-

354 2658 478 2731 μενοςΡ
553 2670 592 2705 ιο.
612 2653 706 2727 οπότε]
727 2653 778 2723 cip
799 2646 832 2717 dr}
852 2653 978 2725 ιιαιρῷΡ
1055 2672 1094 2706 ιι.
1112 2655 1223 2711 ἐδέοντο
1243 2656 1273 2707 Μ
1346 2672 1387 2711 ra.

357 2726 537 2783 ἀπαιτοῦσα·
558 2722 574 2779 ὃ
592 2724 621 2777 Μ
716 2723 862 2797 ι3.ιιαιρώ
880 2720 1089 2797 περὶαύτοῦΡ
1183 2728 1388 2850 τύπαρέοχτνᾶ

357 2795 393 2866 ἢν
411 2799 431 2849 Ρ
525 2800 564 2849 15.
583 2792 681 2855 άδείας
696 2792 833 2860 τοσαύτης
850 2794 869 2846 Ρ
949 2800 999 2849 ιιαι·
1015 2793 1127 2858 πάντας
1145 2793 1218 2867 άρας
1234 2796 1356 2869 εὐγενεῖς

362 2888 400 2939 ¹7·
421 2870 471 2922 zat
490 2864 569 2922 ὅσων
586 2866 605 2917 Ρ
708 2870 747 2919 18.
767 2862 907 2931 ἤδύνανιο
924 2882 959 2939 pr
976 2866 1013 2932 Ρ,
1031 2868 1118 2923 πλέον
1135 2883 1188 2921 aec.
1274 2885 1317 2923 ao.
1334 2874 1389 2940 ρα-

358 2944 464 3001 σιλείας
480 2942 530 2993 καὶ
541 2936 619 2993 λαιάν
641 2933 806 3004 διοικήσεως
822 2936 842 2988 P

287 3112 302 3147 e
322 3092 493 3164 principibus
514 3109 609 3144 navem
632 3108 693 3143 cum
715 3090 873 3143 vectoribua
900 3090 931 3142 in
956 3098 1033 3144 tanta
1055 3092 1187 3146 fluctuum
1217 3093 1389 3147 aestuatione

287 3166 346 3218 aine
366 3166 459 3235 uliqun
478 3163 630 3216 offensione
650 3170 698 3215 aut
715 3162 1048 3215 demeraione'moderari
1078 3181 1110 3216 ac
1129 3180 1221 3233 regere
1240 3174 1340 3234 posset.
1358 3166 1390 3219 in

286 3244 405 3293 mentem
423 3236 541 3287 occurrit
559 3234 597 3297 ie,
615 3232 649 3283 de
671 3249 725 3304 quo
744 3232 880 3297 diximus,
906 3232 1024 3285 Michael
1042 3232 1214 3297 comnenus,
1234 3236 1313 3287 cuine
1333 3252 1389 3306 ope

287 3306 370 3359 aaiuti
398 3306 476 3377 pueri
502 3304 680 3375 prospiceret.
716 3312 775 3355 erat
799 3305 823 3355 ia
847 3302 949 3355 nobilia
967 3312 996 3356 et
1012 3304 1127 3357 illustria
1159 3305 1284 3376 famaque
1314 3308 1391 3377 apud

287 3392 382 3429 omnes
395 3376 514 3429 inciitua.
523 3374 680 3439 accedebat,
692 3373 777 3445 quod,
794 3374 866 3426 aicut
878 3372 952 3444 apud
964 3374 1064 3427 multoe
1075 3392 1136 3428 eum
1147 3380 1294 3446 gratiosum
1304 3378 1391 3431 iuiaae

288 3446 439 3511 docuimus,
458 3447 496 3499 ita
508 3445 661 3517 patriarcha
674 3446 787 3497 minime
800 3443 965 3497 abhorrebat
981 3445 1016 3497 nb
1030 3448 1089 3499 eiua
1108 3464 1209 3512 amore,
1230 3447 1279 3501 aed
1290 3450 1391 3502 ceteris

288 3520 371 3571 etiam
399 3518 484 3586 magia
511 3518 597 3569 amice
625 3534 687 3568 eum
709 3515 934 3587 amplectebatur.
960 3514 1054 3586 itaque
1078 3518 1121 3569 ilii
1139 3519 1191 3571 aoii
1217 3520 1306 3573 claren
1329 3519 1392 3573 fisci

287 3588 421 3653 tradidit,
448 3590 487 3640 ita
509 3596 557 3653 ut,
587 3603 658 3658 quae
685 3604 753 3658 opus
774 3595 832 3640 erat
855 3587 890 3639 nd
911 3603 969 3639 rem
987 3588 1043 3640 aive
1061 3588 1189 3641 bellicam
1205 3592 1262 3644 aive
1280 3590 1392 3643 civilem

288 3658 530 3713 administrandam
558 3660 691 3729 pecunia,
718 3658 806 3710 omnia
825 3656 944 3728 petendu
964 3668 1037 3713 emet
1061 3676 1078 3711 a
1095 3660 1243 3713 Comneno.
1258 3678 1329 3731 quae
1346 3678 1393 3715 rea

290 3730 327 3783 ad
345 3730 460 3783 consilia
479 3728 545 3781 olim
564 3729 634 3780 inita
651 3728 819 3799 perficienda
837 3730 1008 3781 occasionem
1026 3730 1053 3781 ei
1063 3733 1320 3852 opportuniaeimam
1340 3731 1393 3787 de·

291 3802 342 3865 dit,
361 3810 389 3853 et
407 3802 510 3853 exitum
526 3801 569 3863 iia,
588 3817 659 3870 quae
677 3799 785 3869 pridem
806 3800 877 3852 sama
896 3802 1027 3862 iactarat,
1048 3818 1079 3853 ce
1092 3819 1164 3855 erem
1182 3804 1321 3872 imposuit.
1340 3803 1394 3857 ad·

291 3880 371 3942 aptus
391 3873 464 3923 enim
492 3879 584 3923 tantae
608 3870 741 3941 pecuniae
765 3869 879 3923 liberam
904 3878 1070 3941 potestatem
1092 3889 1219 3944 proceret
1245 3890 1340 3926 omnen
1361 3880 1394 3926 et

291 3943 392 3995 militen
411 3960 467 3995 non
483 3958 602 4011 paucos,
633 3958 753 4012 eoaque,
772 3942 821 4010 qui
843 3942 963 4011 linguam
980 3942 1089 3995 facilem
1112 3943 1252 3999 habebant
1273 3943 1308 3994 ad
1325 3960 1392 4013 per-

291 4012 451 4065 tentandum
478 4012 607 4083 plebem,
639 4012 798 4065 cumulabat
823 4013 958 4082 praemiia.
977 4020 1037 4065 erat
1056 4016 1137 4069 etium
1157 4016 1218 4085 ipae
1234 4015 1391 4069 Cumnenue

293 4092 418 4137 strenuus
436 4087 465 4137 in
484 4084 607 4137 consitiis
625 4092 681 4135 tum
699 4082 827 4135 ineundis
840 4092 897 4137 tum
911 4084 1101 4154 perficiendia,
1121 4088 1282 4139 exercitatur
1299 4086 1327 4138 in
1347 4085 1392 4137 di·

292 4154 379 4207 rendo
398 4164 427 4209 at
445 4172 533 4208 rerum
552 4156 671 4209 omnium
691 4152 726 4208 ad
743 4154 985 4211 administrandam
1001 4173 1058 4212 rem
1074 4156 1213 4231 publicana
1232 4156 1391 4229 regendam-
