3042 4900
218 316 273 377 aa
289 306 657 377 rumsuourcnusr
685 306 852 375 mernro
866 308 1092 375 asinario.
1130 284 1211 401 5²7

119 465 233 547 μίλιι,
256 466 311 546 τῆς
324 462 467 537 ’ἐλπίδος
496 461 610 547 σαφοῦς
641 457 882 544 διημαρτηκόσι.
926 455 1029 525 πόντα
1056 458 1116 547 γόρ
1146 452 1215 528 ῦνοο

121 562 180 627 καί
198 560 283 627 κότον
299 558 459 646 γεγόνασι,
487 558 523 625 τό
555 564 615 625 τοῦ
644 556 749 641 λόγου.
799 557 894 641 ναίὴ
914 558 1005 635 πόλις
1034 552 1141 645 ὥσπερ
1166 584 1215 637 τις

119 664 202 736 ναῦς
236 664 272 727 ἐν
307 660 437 745 πελάγει
472 662 699 743 περισχεθεῖοα
729 658 833 723 κακοῦν
867 664 1092 743 περιφέρεται,
1124 662 1215 745 δίκην

120 762 249 843 ἀνίμων
277 764 340 825 τοῦν
376 763 447 825 aaa·
484 755 619 843 ἓιόοτην
643 762 743 825 εἰπεῖν
769 752 1010 837 συμπιπτόντων
1042 756 1215 844 ταραττόν-

92 865 186 929 Saus
215 856 319 942 αότην
354 860 410 925 καί
443 862 575 934 ναυτίας
607 859 722 943 πολλῆς
759 858 816 923 καί
841 858 961 941 ἰλίγγου
991 858 1213 946 πληροῦνται,

120 963 178 1027 καί
207 964 353 1043 καθαρός
387 952 498 1034 εῦδίας
535 958 699 1041 ίπιτυχεῑν
738 950 855 1022 οῦκουκ
891 954 1034 1039 ἐόντων,
1074 958 1151 1022 addi
1178 955 1215 1023 τό

118 1062 178 1144 τῆς
202 1058 328 1145 εἰρήνης
348 1057 404 1125 κατ’
421 1060 567 1143 νηνεμιλτς
589 1053 691 1123 ἱστίον
722 1054 906 1123 πετόσοοαν
927 1056 1006 1141 πρός
1026 1060 1136 1137 λιμένα
1158 1080 1215 1121 κα-

119 1162 185 1227 λοῦν
214 1162 391 1245 ἐφθακέναι
419 1159 538 1241 στῆναί
555 1180 591 1221 τι
618 1158 666 1222 ἐπ’
687 1157 832 1242 οίγκυροῦν
862 1156 1041 1241 οἶοφαλιίας
1070 1158 1127 1221 καί
1156 1159 1217 1237 με’-

121 1284 190 1325 νιιν
209 1253 399 1325 ῦοόλευτον.
449 1258 530 1323 θεοῦ
551 1244 670 1343 diripe
691 1259 785 1323 τοῦτο
812 1248 853 1321 ῦν
875 1254 925 1339 εἴη
946 1257 1000 1321 καί
1019 1258 1075 1340 τῆς
1095 1256 1215 1321 ἐκείνου

78 1387 114 1427 ιο
122 1360 237 1445 σαφοῦς
256 1358 503 1443 πηδαλιουχίας,
532 1359 753 1443 καταπραῧναι
773 1358 831 1437 μὲν
850 1354 889 1421 τό
913 1358 977 1419 τοῖν
997 1358 1216 1439 ἐπερχομένων
1259 1406 1267 1425 ,

122 1457 350 1545 κορυφοόμινα
368 1458 504 1539 κόματα,
525 1458 639 1523 iaicas
659 1457 695 1521 δὲ
716 1454 795 1540 πρὸς
815 1454 961 1541 γαλήνην,
984 1454 1039 1521 καί
1055 1458 1217 1540 σωτηρίαν

122 1560 336 1643 χαρίσασθαι,
355 1558 411 1620 καί
430 1558 543 1620 δοῦναι
563 1555 711 1637 πρῦμναν
736 1550 938 1637 κροόσαοθαι
958 1560 1016 1621 τοῦ
1032 1556 1143 1620 λοιποῦ
1162 1556 1219 1618 καί

123 1658 259 1723 πλεῦσαι
280 1656 449 1739 δεότερον,
472 1648 490 1717 ό
511 1677 605 1740 φασι,
628 1654 745 1734 πλοῦν,
767 1658 1051 1737 μεταβεβλημένων
1071 1650 1217 1718 όπόντοιν

122 1759 180 1823 ἐπί
197 1755 234 1821 τό
255 1759 380 1837 βέλτιον
405 1756 463 1819 καί
489 1749 509 1817 ό
538 1756 679 1817 συνοίιτοι
699 1755 739 1840 τῇ
757 1751 868 1833 πόλιν,
896 1752 1141 1833 μεσιτεόσαντος
1159 1755 1218 1817 τοῦ

78 1857 294 1942 ιόὴμεδαποῦ
312 1853 528 1937 τροπαιοῦχον
548 1852 606 1917 καί
623 1849 806 1937 μάρτυρος,
827 1853 885 1917 καί
901 1852 965 1917 νῦν
987 1852 1044 1935 τῆς
1066 1850 1217 1933 πατρίδος

124 1957 243 2020 οίόκιαν
273 1946 372 2029 αὖθις
405 1955 504 2019 εἰπεῖν
533 1952 784 2034 ἐπιλαβομένου,
805 1952 861 2017 καί
887 1946 967 2033 πρὸς
985 1950 1043 2033 τὴν
1064 1947 1217 2032 τοσαύτην

123 2059 189 2120 τῶν
208 2053 398 2139 ’συμφορῶν
428 2050 596 2117 θόλαοσαν
623 2054 664 2139 τῇ
691 2047 811 2117 ἑαυτοῦ
837 2054 1042 2135 χρησομένου
1073 2046 1216 2130 δυνάμει.

123 2157 248 2237 γίνοιτο
283 2154 319 2217 δὲ
337 2150 383 2238 μη
401 2152 462 2215 οῦκ
481 2153 529 2226 τίς
546 2146 692 2235 μακρόν,
713 2148 786 2241 iia'qr
807 2154 865 2215 τοῦ
883 2153 965 2215 θεοῦ
986 2151 1273 2244 ἐπεβλίψπντοςηη,

125 2244 258 2334 ὄμματι,
278 2252 334 2316 καί
348 2254 717 2338 φιλανθραπιυοομίνου
730 2246 877 2335 συνήθως
896 2250 948 2336 ἐφ’
970 2242 1017 2325 οἷς
1037 2246 1136 2315 αδτόν
1155 2272 1218 2313 πα-

76 2354 324 2437 αοροργιζομιν.
1030 2350 1037 2363 “

210 2446 270 2532 xli.
316 2453 425 2516 Ταῦτα
444 2451 478 2526 ἐς
498 2452 596 2535 δεῦρο
614 2445 904 2536 παρηκολοίθηκεν,
925 2451 956 2516 ei
975 2449 1033 2514 καί
1051 2473 1123 2514 τινα
1143 2448 1217 2513 τοῦ.

128 2574 193 2616 των
214 2550 304 2634 ἡμεῖς
325 2545 447 2628 ἑκόντος
469 2549 524 2614 διό
543 2548 596 2616 τόν
618 2549 727 2631 καιρόν
753 2551 809 2616 καί
828 2545 888 2634 τήν
908 2549 1065 2634 ἡμετέραν
1084 2551 1162 2634 πιρί
1178 2549 1215 2614 τό

128 2655 231 2735 λέγειν
266 2651 437 2714 ἀσθένειαν
464 2655 654 2734 παραλιπιλν
681 2651 753 2714 δέον
780 2652 977 2736 κεκρίκαμεν.
1023 2647 1217 2737 κόπιιδῆπιρ

131 2857 300 2927 longioribus
318 2858 373 2910 oris
390 2859 465 2910 illius
483 2857 632 2930 potiundae
650 2857 787 2912 desiderio
816 2859 998 2924 exardebant,
1022 2875 1068 2912 eos
1086 2860 1128 2912 sui
1146 2859 1221 2912 desl-

132 2931 212 2994 derii,
231 2927 279 2980 sed
295 2944 346 2980 nos
373 2945 484 3000 qnoque
504 2929 534 2981 in
553 2947 612 2982 eam
636 2929 781 2984 reditionis
796 2933 928 3000 paenitet,
946 2948 1005 2984 cum
1021 2947 1082 3000 spes
1100 2932 1221 2992 melioria

131 3010 217 3055 status
235 3001 344 3068 penitus
365 3000 474 3052 sublata
493 3000 538 3052 sit.
583 3017 683 3071 susque
707 3001 798 3072 deque
816 3003 888 3053 euim
906 3003 996 3053 omnia
1015 3001 1087 3052 lacta
1104 3011 1174 3065 aunt,
1190 3009 1221 3054 ut

130 3070 273 3144 proverbio
291 3070 497 3138 circumfertur3
516 3078 545 3121 et
561 3071 643 3136 urbs,
657 3073 744 3124 veluti
767 3073 841 3124 nauis
860 3073 917 3124 alto
936 3073 1067 3124 malorum
1085 3073 1152 3124 mari
1171 3088 1221 3140 op-

130 3157 241 3214 pressa,
268 3141 471 3208 circumagitur:
501 3149 642 3194 ventorum
673 3144 745 3194 enim
774 3143 876 3206 instar,
905 3159 975 3212 quae
993 3143 1105 3210 singulis
1125 3142 1221 3198 diebus

131 3220 286 3274 occurrunt,
302 3227 361 3264 eam
378 3211 563 3263 interturbant
580 3219 609 3264 et
625 3230 725 3264 nausea
744 3215 932 3282 uertigineque
949 3215 1095 3282 complent,
1114 3222 1142 3265 et
1158 3229 1221 3264 uera

131 3284 215 3355 potiri
231 3282 325 3352 quiete
342 3299 399 3333 non
415 3282 587 3350 permittunt,
603 3283 665 3335 uela
685 3285 751 3335 licet
767 3286 839 3354 pacis
854 3293 883 3336 et
898 3283 1104 3353 tranquillitatis
1120 3301 1222 3354 expau-

132 3355 213 3415 derit,
232 3352 316 3404 atad
333 3360 440 3422 portum
463 3351 598 3404 bonorum
625 3356 762 3422 appellat,
789 3362 817 3406 et
840 3371 995 3407 ancorarum
1014 3355 1157 3408 recutitnte
1176 3356 1222 3406 lir-

131 3433 229 3484 metor,
245 3432 407 3493 maneatque
423 3422 590 3475 inconcussa.
627 3424 672 3476 dei
691 3426 771 3494 igitur
784 3426 875 3488 luerit,
893 3433 922 3477 et
936 3425 1012 3476 illius
1024 3425 1105 3495 plane
1122 3425 1222 3494 guber·

131 3494 267 3555 nationis,
286 3511 373 3546 rerum
393 3493 596 3546 advenientium
614 3496 732 3547 tumidos
752 3489 849 3548 fluictus
870 3495 979 3560 sedare,
1010 3497 1044 3547 ad
1062 3497 1221 3567 tranquilli-

132 3574 216 3620 tatem
233 3563 356 3631 dirigere,
377 3565 490 3619 sahtem
501 3565 615 3632 elargiri,
633 3565 835 3637 concedereque
854 3575 884 3618 ut
903 3568 932 3618 in
951 3569 1221 3637 posterum.puppim

132 3634 301 3689 inhibeamur
319 3643 348 3686 et
364 3635 482 3685 secontia
498 3637 679 3702 navigatione,
700 3637 774 3707 quod
793 3636 902 3701 dicitur,
922 3645 1039 3701 utamur,
1049 3638 1174 3689 omnibus
1192 3639 1221 3688 in

132 3706 232 3762 melius
244 3704 398 3766 immutatis,
413 3711 453 3767 ut,
467 3705 604 3775 quidquid
616 3709 707 3770 suerit,
719 3708 820 3760 civitati
839 3707 980 3770 conducat,
998 3707 1171 3777 deprecatore
1192 3723 1221 3759 se

130 3795 184 3849 pro
202 3773 280 3826 nobis
298 3775 447 3843 praebente
473 3785 566 3828 nostro
587 3779 718 3848 tropaeali
737 3787 766 3831 et
791 3787 922 3846 martyre,
948 3795 1093 3850 rursusque
1117 3778 1221 3848 patriae

134 3844 315 3918 gubernacula
329 3845 502 3913 suscipiente,
520 3855 548 3898 et
565 3847 692 3900 adversus
708 3857 750 3901 tot
767 3849 949 3902 calamitatum
969 3849 1125 3902 immodicos
1144 3867 1223 3901 mon·

135 3928 178 3974 tes
196 3932 272 3969 suam
290 3916 439 3984 potentiam
452 3925 612 3986 usurpante;
630 3935 721 3988 neque
739 3918 785 3971 diu
798 3919 900 3970 bouum
913 3921 1065 3984 differatur,
1085 3919 1136 3973 deo
1157 3937 1222 3990 pro-

136 3991 205 4060 pitio
224 3986 304 4039 oculo
327 3987 511 4054 inspectante,
538 3996 566 4039 et
591 4005 640 4041 suo
662 4006 738 4041 more
756 3989 915 4056 nobiscum,
933 3993 980 4062 qui
1006 3993 1035 4042 in
1056 4007 1117 4044 eum
1136 3989 1224 4045 delin-

138 4063 260 4130 quimus,
281 4056 437 4108 humaniter
456 4066 561 4124 agente.

208 4144 251 4180 aa.
288 4127 322 4179 Et
350 4125 416 4177 haec
433 4126 573 4197 hucusque
594 4135 761 4199 processerez
788 4129 855 4182 licet
877 4147 927 4183 nor
958 4147 991 4182 ex
1019 4131 1074 4183 illis
1091 4130 1223 4204 quaedam

140 4207 245 4270 sponte,
264 4209 386 4270 tempore
404 4196 434 4249 id
454 4207 583 4268 poscente
601 4209 630 4252 et
645 4207 737 4252 nostra
763 4199 873 4255 dicendi
892 4201 1095 4269 Imbecillitate,
1114 4203 1222 4257 silentio
