3042 4900
263 245 319 338 ιβ
583 271 756 344 oaouou
787 278 1031 342 runnumn

260 424 374 492 τοῦτον
386 427 424 512 τῇ
435 418 550 508 ἑαυτῆς
560 425 688 510 πατρίδι
702 430 877 511 κατέστησε.
920 429 1022 492 έκεϊσε
1037 429 1075 492 δὲ
1092 429 1220 511 γυνααί
1235 433 1353 511 συζευ.

259 521 352 608 χδείς
372 521 407 590 τό
432 529 520 609 γένος
539 529 696 591 Σπίνουλα
716 526 773 590 καί
791 524 881 602 υὶούς
904 530 960 592 καί
976 531 1156 611 θυγατέρας
1175 530 1344 615 ἐγέννησεν.

346 629 374 689 5.
416 625 463 690 Ἐν
489 627 525 691 δέ
554 629 596 714 τῇ
624 628 770 713 βασιλεία
790 630 849 691 τοῦ
876 627 1045 712 εἰρημένου
1069 621 1300 713 αάτοκράτορος
1318 633 1355 694 ἐκ

259 727 316 808 τῆς
333 725 440 801 Ἀσίας
463 723 503 787 τά
524 727 659 807 μέγιστα
679 727 742 790 τάν
762 728 867 789 κακῶν
884 722 1107 812 άνερράγησαν
1127 725 1256 810 πελάγη.
1278 753 1354 793 συν-

260 822 421 904 ασπισμὸν
444 819 473 887 οἱ
504 826 569 888 τεάν
593 825 742 907 Τοάρκων
771 823 935 908 σατράπαι
962 821 1150 909 ποιήσαντες
1180 825 1297 908 πάλιν,
1318 830 1384 895 M

259 915 309 998 ολς
327 921 471 1005 ὑπῆρχεν
490 914 536 996 εἷς
552 925 614 987 τῶν
626 917 799 1006 σιιτράπων
817 925 875 986 καί
885 921 905 988 o‘
921 923 1108 1008 Ὀτδμάυης,
1127 928 1242 990 νεωστί
1252 921 1355 991 πάντα

257 1019 353 1086 τόπον
372 1023 568 1107 κατέδραμον
588 1017 666 1105 άχρι
686 1019 848 1108 θαλάττης
869 1023 981 1087 durnin.
1001 1024 1039 1110 τῇ
1058 1025 1128 1112 νίκη
1149 1025 1250 1111 ἐκείνη
1270 1029 1355 1108 δρα·

256 1121 417 1204 enorme,
439 1119 493 1187 διά
515 1123 573 1185 τοῦ
588 1118 813 1206 Ἑλλησπόντου
835 1125 870 1185 έν
887 1123 928 1210 τῇ
939 1121 1133 1210 Χερρουήσερ
1154 1126 1210 1208 τῆς
1226 1124 1355 1210 θράκης

254 1217 448 1304 περάσαντες
467 1225 531 1284 πάν
552 1217 649 1284 κακὸν
670 1225 725 1286 καί
742 1220 847 1285 δεινδν
862 1223 897 1286 ε’ν
918 1223 1049 1297 ἐκείνοις
1066 1230 1135 1297 τοῖς
1154 1223 1266 1305 μέρεσι
1286 1224 1354 1285 διέ-

254 1321 389 1403 πραξαν,
402 1315 456 1383 καὶ
475 1316 575 1383 πολιλν
589 1318 686 1384 τόπον
699 1317 866 1404 διήρχοντο
888 1321 1056 1404 ληΐζσντες,
1076 1316 1159 1386 ὥστε
1180 1316 1261 1403 μήτε
1277 1321 1355 1404 άρο-
1367 1347 1407 1390 ro

254 1421 348 1500 τριάν
360 1414 440 1501 μήτε
453 1419 593 1502 σπείρειν
606 1410 679 1483 adra
695 1423 758 1483 cciv
773 1418 897 1482 πόλεων
919 1418 1035 1497 ἐξιέναι
1049 1415 1199 1484 ἐδύναντο
1213 1417 1269 1484 ε’πὶ
1286 1417 1354 1493 ἔτας

254 1519 290 1582 ἓν
311 1520 366 1580 καί
376 1517 478 1600 μῆνας
491 1517 577 1581 δέκα.
599 1514 695 1600 ἔτυχε
715 1519 752 1584 δὲ
766 1515 823 1582 καί
838 1520 929 1582 τοῦτο
941 1520 976 1582 ἑν
991 1528 1055 1594 τοῖς
1073 1525 1195 1602 καιροῖς
1214 1519 1355 1600 ἐκείνοις,

254 1615 405 1696 ἐμπεσεῖν
421 1615 559 1683 Λατΐνόν
578 1640 675 1700 τινα,
704 1615 900 1683 Καταλάνον
920 1613 956 1682 τά
977 1617 1085 1700 γένος,
1102 1617 1266 1702 Ῥογέριον
1280 1607 1354 1711 τεά-

253 1735 345 1796 νομα.
387 1715 544 1798 άθροίσας
563 1719 599 1780 έκ
617 1719 677 1800 τῆς
695 1715 781 1780 κάτει
798 1717 938 1800 Ἰβηρίας
951 1714 1175 1800 στρατόπεδον,
1191 1717 1248 1783 καί
1264 1715 1355 1800 τριη-

253 1837 322 1900 ρεις
352 1817 505 1897 τέτταρας
529 1813 716 1900 πληριάσας,
737 1816 906 1904 λῃστρικὸν
932 1817 1035 1893 άδιαῖς
1055 1812 1166 1904 μετῄει
1184 1820 1265 1898 βιλιν,
1287 1817 1353 1879 der·
1366 1830 1405 1892 ,5

252 1912 383 1988 νάτατος
408 1915 443 1979 ἓν
469 1912 568 2003 τούτῳ
587 1915 773 1998 γενόμενος·
824 1915 866 1980 od
884 1915 983 1996 μάνου
1011 1914 1072 2000 γάρ
1091 1917 1190 1980 ναυσί
1210 1917 1355 2000 φορτίοις

251 2014 421 2093 ἐπετίθετο,
443 2011 524 2078 άλλά
547 2011 602 2076 καὶ
619 2012 725 2090 αδτάς
748 2015 788 2098 δη
809 2013 869 2089 τάς
887 2011 1031 2096 μεγάλας
1051 2015 1113 2080 τεάν
1136 2017 1240 2096 νησάν
1260 2011 1354 2078 ε’σκά-

252 2118 372 2196 λευσε,
401 2113 456 2175 καὶ
477 2109 615 2198 φοβερὸς
636 2113 671 2176 έν
690 2115 732 2200 τῇ
754 2111 840 2177 κάτα
862 2107 1012 2200 θαλάσση
1033 2108 1136 2176 ε’δάκει
1156 2105 1246 2176 εἶναι.
1266 2110 1354 2189 ἔδοξε

252 2214 358 2275 τοίνυν
374 2207 476 2298 τούτῳ
494 2211 538 2298 τῷ
558 2201 690 2294 ἄρχοντι
706 2213 1031 2300 διαπρεσβευσαμένρε
1053 2208 1132 2295 πρὸς
1151 2209 1355 2293 τὸνβασιλέα

252 2307 454 2393 Ἀνδρόνικον
483 2313 700 2394 συμμαχῆσαι
729 2311 819 2398 adrui
844 2306 926 2374 κατά
954 2311 1018 2375 ταῖν
1042 2308 1209 2395 Τοάρκων·
1260 2308 1317 2373 καί
1335 2304 1408 2382 620

254 2405 404 2492 βασιλεῦς
424 2407 482 2499 την,
496 2406 668 2495 πρεσβείοιν
689 2405 867 2494 δεξάμενος,
889 2399 971 2497 άρας
991 2410 1109 2487 ἐκεῖνος
1128 2411 1164 2475 ie
1181 2411 1244 2477 ταῖν
1260 2403 1354 2477 ἕσπε-

326 2596 352 2649 d·
370 2594 403 2651 έν
419 2622 455 2634 -
469 2590 625 2666 Ὀιδμάνης
651 2600 716 2663 poet
741 2592 849 2665 πελάγη
866 2593 912 2658 Μ,
936 2594 969 2650 έν
997 2584 1041 2655 οἷς
1068 2592 1229 2664 σατράπαις
1246 2590 1353 2666 ὑπῆρχε

324 2664 374 2717 καλ
403 2660 526 2736 ὂὶμάνης
549 2655 590 2724 εἷς
609 2660 702 2720 cedride
727 2673 791 2733 post
818 2664 912 2721 ἀκτάν
936 2664 1010 2735 (vel,
1035 2674 1067 2717 ut
1091 2665 1223 2715 Pindarua
1241 2664 1353 2728 scribit,

326 2732 430 2802 αὐτῶν)
450 2736 486 2787 P:
505 2736 670 2807 transposuit
686 2735 804 2787 Alteras.
892 2754 917 2805 η.
933 2733 1031 2807 δράσι]
1050 2740 1201 2807 τραπέντες
1220 2737 1238 2786 Ρ
1325 2740 1351 2788 8.

326 2802 368 2877 ἐν]
388 2808 438 2859 καὶ
456 2806 520 2859 tr?
629 2806 669 2859 ιλ.
689 2797 721 2860 τά
741 2810 825 2877 γένος
842 2823 887 2858 om
903 2806 932 2857 Μ
1044 2810 1084 2875 14.
1109 2811 1158 2860 καὶ
1175 2804 1354 2876 άδροῖααιΡ

328 2874 506 2945 στρατόπεδα
523 2876 543 2929 P
612 2890 655 2929 ar.
672 2886 736 2947 poet
750 2870 880 2948 βασιλεὺς
896 2892 987 2947 margo
1003 2878 1039 2933 1³:
1056 2866 1188 2949 γαμβρὸν
1207 2880 1251 2933 ἐντ’
1268 2876 1354 2932 aideb-

329 2946 400 3021 φιδηί
418 2950 520 3019 Μαρία
535 2950 670 3015 πεποίηκε
686 2950 737 3003 καλ

259 3094 288 3145 in
309 3089 502 3159 Langobardos
520 3090 596 3143 misit
612 3096 641 3143 et
658 3092 764 3159 patriae
782 3107 848 3142 auae
865 3092 1010 3143 constituit
1024 3088 1214 3141 marchionem.
1233 3088 1273 3140 lbl
1293 3090 1317 3141 Ιε
1336 3106 1353 3142 a

257 3170 340 3234 genta
357 3162 529 3232 Spinularum
547 3160 627 3213 ducta
645 3178 743 3225 uxore,
761 3162 903 3233 utriusque
919 3178 998 3213 εεειιε
1018 3160 1119 3212 liberos
1135 3160 1282 3227 generavit.

329 3234 354 3285 5.
388 3234 542 3301 imperanto
562 3249 612 3297 eo,
630 3246 711 3302 quem
730 3231 857 3295 diximus,
876 3230 1047 3294 Andronico,
1071 3232 1194 3298 ingenter
1215 3230 1354 3282 calamita·

260 3310 317 3356 turn
343 3302 442 3353 fluctus
470 3305 500 3353 in
516 3304 579 3355 dria
607 3303 736 3354 concitati
761 3310 833 3355 aunt.
861 3303 963 3353 etenim
984 3302 1131 3353 Tarcarurn
1156 3308 1298 3371 satrapae,
1324 3301 1355 3352 in

259 3372 359 3443 qrribua
378 3390 447 3423 unrrs
474 3382 532 3425 erat
550 3372 712 3436 othmanes,
739 3372 851 3423 foedere
876 3372 1014 3423 coniuncti
1039 3372 1121 3423 modo
1138 3388 1232 3423 omues
1253 3380 1355 3424 tractae

260 3443 297 3495 ad
314 3459 386 3493 mare
406 3459 493 3513 usqua
511 3444 651 3513 pervagari
672 3452 834 3512 coeperant,
861 3458 892 3493 ac
910 3444 1022 3494 victoria
1039 3443 1157 3505 seroces,
1175 3459 1224 3511 per
1246 3442 1355 3493 Helles—

260 3522 373 3584 pontum
401 3514 429 3563 in
449 3512 647 3567 Cheraoacaarn
664 3513 797 3565 Thraciae
815 3514 936 3575 traiecti,
961 3530 1042 3564 omne
1061 3513 1190 3563 maloram
1207 3513 1354 3564 scelerum-

261 3602 316 3655 que
334 3601 418 3652 genua
439 3583 586 3635 ediderunt
612 3585 816 3654 latrociniisque
838 3583 937 3635 multas
955 3585 1078 3652 regiones
1098 3584 1135 3634 itu
1157 3590 1304 3645 vexarunt,
1323 3591 1356 3635 ut

262 3672 313 3706 nec
329 3670 414 3716 arare,
433 3670 483 3705 nec
497 3670 585 3706 cerere
598 3670 649 3705 nec
665 3671 699 3706 ex
715 3654 823 3724 oppidis
842 3652 933 3723 egredi
950 3671 999 3722 per
1017 3672 1100 3705 unum
1119 3671 1219 3704 aunum
1234 3663 1263 3704 et
1276 3670 1354 3705 men-

156 3724 161 3743 '
262 3743 304 3777 εεε
321 3724 416 3777 decern
433 3726 538 3776 liceret.
556 3723 656 3777 accidit
674 3724 771 3777 eodem
791 3734 922 3793 ternpore,
938 3734 970 3776 ut
989 3724 1102 3775 Latinus
1119 3723 1228 3793 quidam
1241 3722 1355 3775 adveni-

262 3806 323 3858 ret,
343 3796 455 3847 natione
473 3794 634 3859 Catelanua,
657 3798 769 3848 nomine
785 3796 923 3862 Rogcriua.
940 3795 978 3857 ir,
998 3811 1031 3846 ex
1042 3796 1170 3846 inferiore
1187 3794 1277 3846 Iberia
1295 3794 1355 3844 col·

263 3868 343 3918 lectio
362 3866 446 3934 copiis
465 3874 494 3917 et
511 3865 666 3917 triremibus
683 3876 801 3936 quatuor
821 3866 950 3935 impletio,
967 3865 1054 3917 libere
1070 3866 1209 3935 piraticam
1228 3864 1357 3927 faciebat,

263 3940 293 3989 in
331 3954 364 3987 ua
384 3936 621 3988 exercitatiorirnua
642 3946 707 3990 erat„
748 3935 850 3988 etenim
872 3953 929 3987 non
947 3936 1035 3987 colum
1052 3954 1135 3989 nanee
1149 3937 1287 3987 onerarias
1306 3952 1355 4004 ag-

264 3956 454 4076 grediebatur,
481 4005 528 4058 aed
557 4006 641 4059 etiam
658 4024 766 4077 maguae
785 4006 1004 4076 depopulabatur
1026 4008 1129 4059 insulae
1146 4014 1175 4058 et
1191 4022 1265 4057 mare
1283 4007 1356 4057 inle-

265 4096 325 4131 rum
344 4076 464 4129 habebat
483 4078 622 4129 insertum.
647 4076 711 4129 huic
729 4078 810 4147 igitur
832 4077 894 4129 duci
914 4079 998 4130 visam
1019 4087 1075 4141 est,
1094 4078 1230 4147 legatione
1247 4077 1283 4127 ad
1302 4078 1355 4129 irn-

266 4158 417 4222 peratorem
440 4147 622 4201 Andronicum
647 4149 744 4213 mirra,
766 4150 925 4204 societatem
949 4167 1011 4203 cum
1028 4149 1126 4203 eodem
1143 4148 1356 4203 annualium
