3042 4900
232 433 237 441 κ
333 338 417 440 244
642 359 815 423 cnouou
846 313 1117 422 ruurumsn·

326 519 440 597 μένειν,
461 511 515 577 καί
534 506 642 591 ἑτέραν
662 506 810 592 μηχανὴν
837 506 1007 589 πολεμικὴν
1027 508 1130 569 θέλων
1151 506 1282 587 ποιῆσαι
1301 508 1417 589 προσέ»

325 618 416 691 ταξεν
436 615 488 677 ἵνα
510 607 633 674 ἔλθωσί
646 632 726 683 τινες
756 598 868 691 ἅνδρες
898 603 928 669 οὶ
947 602 1114 685 δυνάμενοι
1133 598 1241 687 ,ὀρθῶς
1260 606 1340 668 ἰδεῖν
1358 609 1417 671 καί

323 722 427 777 ποιεῖν
447 710 529 783 ὀπὰς
552 708 830 787 ὀποκεκρυμμένας
851 701 992 769 κάτωθεν
1011 706 1067 786 τῆς
1086 706 1163 786 γῆς,
1185 697 1270 777 ὅπως
1293 704 1333 767 ὀί
1352 706 1414 767 αό-

323 813 388 876 suiv
409 809 426 873 ὀ
442 805 575 890 στρατὸς
589 804 725 880 εόκόλως
736 806 921 870 εἰσέλθωσιν
935 800 1024 866 ένόον
1039 805 1096 885 τῆς
1115 800 1242 878 πόλεως.
1263 802 1319 867 καί
1329 802 1413 868 κατά

321 910 356 975 τὸ
372 910 575 991 προσταχθὲν
598 904 649 969 ὑπ’
681 907 782 968 adsoni
807 898 938 986 ἤρξαντο
958 900 1116 985 ὀρόσσειν.
1140 900 1282 986 Ἰωάννης
1305 902 1342 967 δέ
1360 912 1441 977 τις5

322 1007 486 1090 Γερμανὸς
509 999 605 1088 ἄκρον
620 1006 790 1088 ἠσκημένος
809 1001 863 1078 τὰς
883 1006 940 1067 τοῦ
960 1004 1096 1081 πολέμου
1112 1000 1259 1086 μηχανὰς
1279 1006 1335 1065 καί
1352 998 1411 1075 τὰς

320 1114 378 1174 τοῦ
397 1103 499 1189 ὖγροῦ
513 1102 623 1187 πυρός,
641 1105 821 1177 ένωτισθείς
840 1100 898 1184 την
911 1100 1067 1184 μηχανήν,
1089 1096 1199 1184 ἑτέραν
1219 1098 1300 1183 ὀπήν
1317 1103 1410 1165 έναν·

319 1211 390 1272 τίαν
411 1207 524 1286 ὀρύξας
555 1206 611 1266 καί
629 1200 710 1282 μετὰ
740 1200 838 1283 ὖχροῦ
867 1198 967 1283 πυρός
987 1200 1177 1283 τεχνηέντως
1197 1196 1410 1281 συσκευάσας,

319 1307 498 1387 ἐρχομένων
520 1305 584 1366 τῶν
606 1298 753 1382 Τοόρκων
780 1297 834 1363 dui
855 1302 908 1383 τῆς
925 1301 1006 1383 ,ὀπῆς
1031 1298 1111 1379 μετὰ
1130 1302 1233 1380 χαρᾶς
1250 1296 1349 1373 odric
1370 1297 1408 1363 sd

318 1407 382 1485 πῦρ
406 1400 534 1482 α’νιίιμας
553 1398 588 1465 τὸ
612 1400 657 1474 είς
678 1396 735 1482 τη“ν
754 1394 898 1463 ἐναντίαν
912 1394 1096 1482 ὀρυγμὲκην
1113 1400 1186 1479 παρ’
1207 1398 1305 1462 odensi
1327 1397 1411 1481 ὀπὴν
1423 1424 1460 1465 ro

316 1500 453 1577 πολλοὺς
471 1502 505 1579 ἐξ
527 1500 632 1563 adsuit
653 1502 825 1563 κατέκαυσε
846 1496 901 1562 καί
920 1496 978 1573 τοὶς
998 1500 1109 1579 τέχνας
1120 1497 1229 1561 'adenis
1249 1499 1295 1573 εἰς
1314 1492 1411 1562 otidis

316 1598 497 1678 ὀπέόειξεν·
540 1595 622 1682 ὀπην
645 1600 680 1661 δὲ
700 1600 777 1678 μίαν
796 1596 946 1661 ε’ναντίων
966 1595 982 1659 ὀ
1002 1594 1153 1677 γεννάδας
1162 1594 1326 1679 Γερμανὸς
1348 1601 1408 1659 λα·
1466 1652 1471 1657 .

315 1696 384 1763 duis
407 1700 470 1781 οόχ
502 1690 605 1780 εὗρεν.
660 1695 690 1760 οἱ
721 1699 855 1779 Τοῦρκρι
887 1698 923 1761 δὲ
954 1700 1009 1759 καί
1041 1694 1132 1759 adrui
1157 1694 1193 1759 τὸ
1221 1692 1320 1779 ὗχρὸν
1339 1700 1406 1779 πῦρ

315 1798 454 1880 ἀνῆψαν,
479 1793 499 1861 ὀ
520 1802 768 1881 πρυητσίμασακ,
792 1792 872 1879 πλην
893 1795 986 1859 otidis
1007 1791 1238 1875 κατώρθωσαν·
1281 1792 1406 1878 πύργου

315 1898 352 1961 δέ
371 1918 456 1971 τινος
474 1891 571 1977 μόνον
595 1898 735 1959 παλαιοῦ
756 1893 859 1977 ὀλίγον
884 1896 980 1979 μέρος
1002 1898 1036 1959 ἐκ
1055 1894 1111 1957 τοῦ
1131 1894 1243 1975 κρότου
1265 1898 1323 1959 τοῦ
1343 1897 1457 1959 uss-15

314 1996 373 2077 ρός
395 1992 514 2074 ἔπεσεν,
535 1992 572 2058 ὃν
591 1994 682 2076 ἡμεῖς
702 1987 802 2068 eri-ide
833 1993 1083 2073 α’νεκαινίσαμεν.
1125 1984 1206 2077 ἦσαν
1227 1996 1262 2057 δὲ
1282 1996 1340 2059 καί
1356 2019 1406 2059 τι·

312 2116 364 2167 νες
383 2092 512 2175 γηραιοί
541 2094 574 2157 ui
599 2091 706 2175 ἔλεγον
730 2088 777 2156 ὅτι
799 2092 854 2155 καί
874 2090 903 2156 oi
924 2094 1058 2157 έναντιόι
1087 2094 1122 2157 έν
1142 2088 1264 2173 ἑτέραις
1283 2088 1406 2175 μόχαις

313 2195 406 2256 τοῦτο
428 2188 568 2274 ἔπραξαν
586 2194 641 2254 καί
660 2192 752 2255 οὐδέν
772 2188 1005 2275 ε’κατιόρθωσαν
1028 2190 1082 2254 dui
1104 2188 1139 2254 τὸ
1161 2190 1197 2255 τὸ
1221 2198 1326 2255 πλεῖον
1347 2196 1407 2273 μέ-

313 2312 369 2374 ρος
389 2296 443 2372 τῆς
463 2290 583 2367 πόλεως
604 2288 810 2355 ὑποκάτωθεν
826 2291 886 2353 τοῖν
896 2296 1009 2371 τειχῶν
1025 2293 1182 2372 πετρῶδες
1202 2284 1297 2355 εἶναι.
1319 2314 1405 2377 σφα-

312 2391 378 2465 λείς
401 2390 436 2454 δὲ
456 2390 474 2454 ὀ
494 2389 621 2474 ὀμηριῖς
642 2388 697 2454 καί
714 2392 867 2468 ψευσθείς
888 2388 948 2454 ὑπὸ
961 2388 1018 2464 τὰς
1039 2388 1141 2463 adroic
1160 2390 1292 2464 ἐλπίδας
1310 2388 1454 2472 έτερααο

313 2486 601 2582 νέαὶέφευρηματα
622 2491 676 2552 καί
694 2488 841 2572 μηχανὰς
866 2491 912 2562 εἰς
932 2494 1114 2573 πολιορκίαν
1137 2491 1252 2553 ἐποίει·
1295 2485 1406 2554 ἑλέειν·

314 2591 364 2651 λιν
383 2587 443 2671 γὰρ
463 2589 614 2673 μεγίστην
634 2586 771 2670 ἔχουσαν
790 2584 924 2673 τροχοός
949 2587 1084 2663 πολλοὺς
1101 2587 1182 2669 μετοὲ
1205 2587 1308 2664 ξύλων
1331 2589 1406 2672 χακέ

384 2779 541 2912 Ξ.ιόιὲἧνΡ
646 2808 670 2859 7.
692 2791 770 2844 ἔνιοι.
793 2782 954 2860 μηχανᾶςΡ
1051 2791 1077 2844 8.
1097 2788 1254 2859 ποιησαςΡ
1362 2807 1401 2844 no.

398 2875 419 2911 π

315 3041 386 3096 qnae
408 3043 490 3097 quum
510 3024 736 3079 animadverteret
749 3043 860 3092 amerus,
874 3026 1057 3092 erubescebat,
1077 3026 1150 3098 quod
1168 3027 1311 3080 eonsilium
1327 3043 1400 3079 suurn

315 3104 415 3150 eventu
434 3107 544 3158 cureret,
561 3106 643 3166 utque
661 3099 741 3150 aliurn
763 3099 892 3150 rationem
916 3109 1085 3168 experturus,
1106 3099 1257 3168 imperauit,
1276 3107 1309 3150 ut
1326 3099 1402 3150 odes-

316 3177 393 3229 sent,
414 3169 462 3238 qui
480 3177 554 3219 recto
571 3167 672 3219 indicio
692 3169 830 3220 oculorum
856 3177 996 3222 uterentur
1014 3179 1043 3221 et
1060 3169 1199 3220 cuniculos
1219 3185 1298 3237 agere
1319 3169 1401 3220 ealle-

316 3247 386 3300 rent,
408 3255 455 3307 per
472 3255 541 3322 quos
560 3240 692 3290 exercitus
719 3239 800 3290 facile
827 3238 921 3291 urbem
948 3241 1047 3292 intrare
1062 3248 1173 3360 posset:
1198 3249 1403 3310 coeperuntque

317 3307 353 3358 ud
371 3319 565 3378 praescriptum
592 3311 650 3361 eius
669 3307 771 3363 fodere.
799 3317 826 3361 st
844 3311 976 3362 lobuunes
1005 3309 1114 3380 quirum
1133 3309 1283 3362 Germanus
1302 3312 1332 3362 in
1348 3319 1403 3362 tra·

317 3377 422 3429 ctnndis
439 3377 545 3430 bellicis
563 3380 694 3432 machinis
715 3389 742 3433 et
757 3382 820 3450 igne
839 3381 951 3448 Grneco·
966 3381 1212 3444 exercitatissimus,
1233 3399 1319 3451 quum
1342 3381 1404 3434 oni·

315 3447 507 3500 madvertisset
526 3450 635 3501 illorum
647 3452 799 3514 consilium,
817 3451 900 3502 atium
914 3453 1067 3504 cuniculum
1086 3453 1249 3506 contrarium
1268 3451 1405 3521 egendum

318 3526 348 3570 et
373 3519 434 3585 igne
459 3521 560 3572 Graeco
577 3521 721 3573 artificiose
750 3521 921 3590 implendum
947 3524 1065 3586 curavit,
1096 3523 1244 3606 Turcisque
1263 3522 1337 3576 loete
1355 3539 1405 3592 per

317 3589 472 3640 cuniculum
497 3589 719 3658 procedentibus,
739 3593 797 3662 ipse
822 3593 851 3644 in
869 3594 955 3645 altero
983 3611 1045 3646 nse
1064 3602 1124 3647 acto
1144 3593 1269 3645 cumculo
1288 3609 1404 3646 accenso

316 3659 389 3727 igne,
407 3659 506 3710 multos
524 3677 617 3713 eorum
636 3663 738 3714 exussit
758 3679 879 3732 opusque
905 3663 940 3714 sd
956 3663 1073 3716 nihilum
1091 3661 1201 3732 redegit.
1220 3681 1292 3716 unus
1313 3673 1406 3716 tomen

317 3730 436 3782 bostium
462 3731 604 3784 cuniculus
626 3749 785 3799 generosum
808 3734 888 3784 illum
913 3733 1075 3786 Germanum
1102 3734 1191 3788 latuit.
1221 3734 1275 3804 ipsi
1293 3749 1405 3805 quoque

317 3801 424 3852 Turcse
442 3801 515 3852 idem
533 3819 615 3869 genus
634 3804 702 3871 ignis
721 3812 849 3872 perurunt
869 3813 897 3856 et
919 3803 1109 3868 accenderunt,
1127 3804 1176 3858 sed
1191 3803 1262 3856 nibil
1279 3805 1407 3876 profece-

319 3878 400 3938 runt,
418 3872 470 3922 nisi
494 3871 569 3939 qood
594 3875 673 3925 unius
703 3883 825 3926 vetustae
848 3875 926 3926 turris
953 3893 1033 3945 perus
1056 3893 1120 3946 pars
1139 3891 1172 3927 err
1197 3875 1279 3944 pulsu
1298 3875 1405 3927 incensi

319 3940 388 4007 ignis
405 3940 543 4003 concidit,
562 3959 643 4011 quum
662 3953 753 3996 tomen
771 3945 860 3996 stntim
879 3947 1093 3998 instauravimus.
1120 3953 1197 3997 erant
1213 3951 1305 3998 autem
1327 3962 1405 3998 senes

319 4009 438 4077 quidem,
456 4012 502 4081 qui
522 4012 661 4075 dicerent,
684 4012 777 4066 hostes
799 4013 870 4066 idem
889 4024 1006 4068 tentasse
1030 4017 1091 4069 aliis
1109 4015 1234 4068 inbellis
1252 4031 1305 4068 nec
1324 4015 1405 4086 quid-

319 4095 399 4147 quam
416 4082 572 4147 profecisse,
589 4083 664 4151 quod
682 4085 770 4134 mnior
786 4083 859 4136 urbis
878 4103 938 4154 purs
955 4087 1049 4139 subter
1065 4103 1155 4138 muros
1176 4085 1265 4138 solum
1281 4102 1404 4138 saxosum

318 4147 441 4199 heberet.
465 4167 513 4219 spe
539 4153 619 4219 igitur
636 4153 727 4221 lapsus
748 4161 777 4205 et
797 4154 939 4208 frustratus
963 4173 1065 4208 umerus
1082 4157 1135 4208 ulis
1158 4172 1229 4208 nove
1245 4156 1360 4209 iuuenta
1377 4165 1406 4206 et

319 4215 454 4270 moduinus
465 4220 500 4271 sd
510 4223 713 4290 expugnandum
728 4223 822 4278 urbem
831 4225 964 4283 adhibuit.
982 4227 1132 4298 helepolim
1140 4226 1296 4291 maximam,
1311 4225 1404 4280 multis
