3042 4900
539 353 616 416 ιιο.
636 353 691 416 111.
721 353 810 419 eir.
827 361 881 419 vs.
926 395 933 411 .
1165 365 1248 450 ογγ

158 518 219 561 σαν
238 495 302 560 scis
323 494 443 560 πόλεων
465 499 549 587 ζυγηῖ
570 498 741 583 δποβυιλεΐν
763 505 819 567 καί
837 507 973 593 δουλείᾳ,
996 510 1054 572 καί
1079 507 1136 583 τὰς
1157 510 1253 593 δγίας

159 594 436 678 ἐκκλησίαςήμοῖν,
457 593 534 662 ἔνθα
556 599 776 684 ἑαροσκυνεΐτυ
791 605 810 685 ή
825 602 900 686 ιῖγία
919 630 1013 689 τριας
1035 609 1092 672 καί
1109 610 1252 685 ε’δοξολο·

161 702 247 774 γεῖτο
267 691 301 758 τδ
324 694 498 778 πανάγιον,
523 699 579 760 καί
610 696 690 764 ὅπου
712 698 741 766 οἱ
763 695 888 784 δι’γγτλοι
917 703 1065 787 ἠκούοντο
1079 703 1191 790 δμνεῖν
1212 709 1279 774 τὸΒ

159 794 249 854 θεῖον
272 794 328 856 καί
346 791 408 876 τήν
424 791 575 876 ἔνσαρκον
594 799 653 861 τοῦ
673 803 754 863 θεοῦ
778 801 872 884 λόγου
894 806 1081 887 οἰκονομίαν,
1099 807 1252 889 βούλεται

132 891 291 972 5ποιήσαι
318 894 522 978 προσκύνημα
546 901 602 979 τῆς
621 896 719 964 αὑτοῦ
748 905 956 988 βλασφημίας
974 905 1031 970 καί
1050 910 1109 971 τοῦ
1130 913 1251 993 φληνα-

160 993 227 1074 <posi
248 989 352 1054 αδτοδ
370 993 639 1080 ψευδοπροφήτου
659 997 823 1082 Μαδμεθ,
846 1005 903 1066 καί
919 1004 1154 1089 κατοικητήριον
1176 1007 1253 1072 α’λό-

158 1112 222 1170 γων
242 1091 299 1153 καί
318 1087 479 1174 καμήλων.
523 1092 651 1177 λοιπόν,
673 1098 811 1184 α’δελιγυί
829 1101 886 1165 καί
902 1107 1147 1187 συστρατιῶται,
1168 1107 1250 1172 κατὰ

158 1189 232 1250 νοῦν
256 1186 459 1274 ἐνθυμήθητε
479 1195 532 1256 ἵνα
556 1191 589 1257 τδ
609 1195 811 1279 μνημόσυνον
833 1199 923 1280 ὑμῶν
941 1201 1035 1287 καίή
1057 1203 1167 1289 μνήμη
1196 1209 1253 1272 κατ’

159 1284 180 1368 ή
201 1287 294 1371 φήμη
314 1289 370 1353 καί
389 1287 409 1372 ή
430 1292 597 1373 ἐλευθερία
618 1295 753 1371 αἰωνίοις
771 1298 972 1382 γενήσηται.”

116 1408 151 1450 το
240 1389 313 1452 Καὶ
334 1391 490 1475 στραφείς
523 1388 603 1474 πρὸς
622 1391 696 1468 τούς
721 1393 862 1472 Ἕνετοδς
883 1399 918 1462 ἐν
936 1407 1002 1474 τοῖς
1024 1402 1138 1480 δεξιοῖς
1156 1405 1251 1486 μέρε·

156 1509 207 1550 σιν
226 1483 412 1568 ἱσταμένους
434 1487 497 1576 ἔφη
513 1485 657 1556 “‘Evssos'
675 1493 822 1577 εδγενεῖς,
845 1499 983 1584 α’δελφοί
1001 1499 1194 1584 ἠγαπημένοι
1215 1504 1252 1568 ἐν

155 1587 290 1674 ΧριστήιΙ
306 1589 352 1674 argi
371 1592 446 1676 θεῷ,
470 1583 585 1674 ἄνδρες
607 1594 738 1676 ίσχυροί
757 1598 814 1658 καί
830 1599 1025 1681 στρατιῶται
1046 1601 1178 1665 δυνατοί
1195 1605 1252 1666 καί

153 1685 188 1747 ἐν
207 1688 357 1764 πολέμοις
385 1685 595 1768 δοκιμώτατοι
603 1740 613 1772 ,
642 1693 674 1758 οἳ
707 1692 760 1758 διοὶ
793 1699 857 1758 τοῖν
888 1696 1126 1778 ἐστιλβωμὲνων
1158 1696 1252 1780 ὑμῶν

157 1779 329 1868 ρὀμφαίοον
352 1788 407 1851 καί
425 1785 558 1871 χάριτος
578 1789 728 1867 πολλάκις
748 1797 869 1878 πλῆθος
888 1798 952 1860 τοῖν
970 1797 1152 1880 Ἀγαρηνοῖν
1172 1801 1250 1863 ἐδα-

111 1883 339 1965 τ5νατυ5σατε,
371 1885 428 1950 καί
444 1885 479 1952 so*
511 1881 591 1968 αἷμα
621 1891 728 1955 αδτοῖν
758 1895 958 1972 ποταμειδῶς
986 1897 1022 1959 ἐκ
1050 1900 1113 1960 τῶν
1130 1901 1251 1979 χειροῖν

153 1979 244 2064 ὑμῶν
275 1981 426 2068 ἔρρευσε,
450 1990 488 2074 τῇ
522 1983 659 2072 σήμερον
686 1995 861 2076 παρακαλοῖ
891 1990 976 2072 δμοῖς
997 1997 1049 2058 ἳνα
1079 1992 1138 2078 τήν
1157 1994 1250 2060 πόλιν

152 2082 273 2168 ταύτην
291 2081 350 2169 τήν
370 2081 595 2172 εδρισκομένην
616 2089 671 2152 ἐπί
690 2088 828 2178 τοσαύτη
858 2095 1012 2180 συμφορᾷ
1033 2093 1090 2158 τοῦ
1109 2098 1248 2174 πολέμου

153 2182 324 2268 δλοψδχοος
343 2187 400 2249 καί
417 2187 452 2252 ἐκ
472 2190 571 2268 μέσου
593 2192 702 2272 ψυχῆς
723 2194 832 2274 γίνητε
852 2190 1098 2273 δπερασπισταί.
1142 2191 1248 2258 οἴδατε

153 2286 215 2370 γὰρ
239 2287 352 2365 καλῶς,
368 2286 425 2348 καί
445 2287 595 2370 δευτέραν
615 2291 755 2374 πατρίδα
768 2292 825 2354 καί
845 2293 965 2373 μητέρα
984 2289 1086 2374 αὐτήν
1108 2286 1250 2366 ἅτννάοος

111 2383 277 2468 οοεῖχετε·
330 2383 380 2449 διὸ
403 2387 459 2449 καί
479 2387 514 2452 ἐκ
536 2389 686 2469 δευτέρου
708 2385 804 2453 πάλιν
824 2391 903 2472 λε’γα
925 2391 981 2453 καί
998 2392 1173 2475 παρακαλῶ
1195 2391 1249 2455 ἵνα

156 2487 190 2551 ἐν
211 2486 297 2572 ου’τῇ
317 2480 385 2574 δι’ρρι
417 2481 460 2561 ὥς
493 2484 678 2573 φιλόπιστυί
696 2511 729 2553 τε
752 2492 808 2553 καί
835 2486 1001 2568 δμόπιστοι
1027 2492 1083 2555 καί
1111 2490 1251 2576 α’δελφοί

154 2582 335 2670 ποιήσητε.”
385 2583 454 2651 εἶτα
488 2590 642 2673 στραφείς
673 2590 708 2654 ἐν
734 2598 800 2664 τοῖς
821 2591 996 2675 α’ριστεροῖς
1032 2594 1145 2674 μέρεσι
1163 2594 1249 2671 λέγει

154 2692 219 2760 τοῖς
232 2686 446 2769 Λιγουρίταις
459 2678 509 2751 “ui
525 2692 727 2773 Λιγουρῖται,
748 2685 944 2771 ἐντιμότατοι
961 2690 1109 2777 α’δελφοί,
1134 2682 1247 2773 ἇνδρες

225 2878 253 2933 9.
275 2861 391 2935 sitisses
408 2860 427 2914 P
517 2862 557 2915 ι5.
578 2857 744 2937 ποτομηδδν
761 2864 872 2919 asserus

155 3026 270 3075 conatur
280 3028 309 3073 et
319 3024 437 3091 reginam
454 3022 562 3078 urbium
578 3024 720 3094 subiugare
735 3026 766 3080 in
784 3026 995 3095 servitutemque
1011 3024 1146 3093 redigere,
1164 3030 1246 3093 atque

155 3099 262 3145 sanctas
273 3093 524 3160 eustasianorum,
542 3094 590 3147 ubi
607 3106 698 3149 sancta
711 3097 820 3148 trinitas
833 3095 995 3147 adorabatur
1005 3104 1033 3147 et
1049 3094 1247 3146 sanctissimum

155 3162 345 3216 celebrabatur
366 3182 484 3229 numen,
513 3166 561 3217 ubi
578 3167 667 3236 angeli
686 3167 805 3220 (lisinam
823 3174 942 3217 mentem
962 3167 1036 3217 etin
1054 3180 1135 3216 carne
1155 3180 1248 3215 susce-

154 3242 229 3303 ptam
249 3234 293 3285 dei
311 3235 388 3286 verbi
407 3238 593 3289 oeconomiam
612 3247 739 3290 canentes
752 3236 942 3297 audiebantur,
959 3236 989 3287 in
1008 3236 1099 3285 fanum
1117 3232 1249 3303 blasphe7

154 3304 226 3356 mine
245 3321 308 3355 suae
329 3314 357 3358 et
370 3308 469 3375 garruli
489 3307 637 3377 prophetae
649 3307 812 3360 Mohametis
828 3315 857 3359 et
870 3306 1010 3357 brutorum
1028 3305 1246 3374 camelorumque

155 3374 342 3427 habitaculum
362 3386 519 3431 convertere
538 3380 646 3447 cogitat.
665 3396 766 3441 verum,
783 3378 879 3429 fratres
898 3384 927 3428 et
945 3377 1150 3439 commilitones,
1171 3378 1247 3443 cogi-

155 3452 213 3499 tate
233 3464 292 3499 cum
311 3448 407 3499 animis
424 3450 529 3511 vestris,
547 3467 602 3520 quo
626 3456 707 3518 pacto
726 3449 884 3547 memmium
901 3449 985 3499 nostri
1004 3457 1034 3499 ct
1051 3448 1148 3499 famam
1166 3455 1194 3499 et
1209 3446 1246 3497 li-

154 3516 289 3571 bertatem
313 3526 472 3589 perpetuam
494 3517 724 3589 consequamini?⁸

242 3588 312 3640 Tum
334 3588 368 3640 sd
386 3590 505 3643 Venetos
523 3608 680 3653 conversus,
707 3590 755 3661 qui
774 3606 789 3641 a
807 3588 910 3641 dextris
928 3586 1079 3651 adstabant,
1092 3584 1246 3649 “Veneti'’

74 3684 80 3695 ·
155 3658 257 3729 inquit,
274 3656 290 3678 ‘²
300 3660 428 3725 illustres,
446 3661 540 3713 fratres
559 3662 588 3713 in
606 3662 714 3713 Christo
733 3660 786 3713 deo
806 3660 909 3722 dilecti,
927 3659 977 3709 viri
996 3658 1080 3709 sortes
1099 3666 1129 3710 et
1146 3660 1247 3711 milites

154 3730 260 3782 strenui
279 3738 307 3781 et
324 3729 399 3783 bello
418 3732 610 3801 probatissimi,
630 3732 678 3803 qui
695 3730 793 3800 gladiis
811 3731 907 3782 restris
926 3728 1088 3781 micantibus
1108 3737 1136 3779 et
1154 3726 1248 3779 divina

154 3800 241 3867 gratia
262 3816 343 3869 saepe
371 3814 480 3871 magnas
497 3803 679 3871 Agarenorum
705 3810 805 3868 strages
831 3800 973 3860 edidistis,
999 3816 1116 3868 quorum
1139 3800 1248 3868 sanguis

152 3870 273 3921 fluminis
303 3872 390 3923 instar
418 3873 452 3925 de
483 3872 608 3925 manibus
631 3872 727 3924 restris
746 3871 867 3933 defluxit,
897 3870 981 3921 hodie
1001 3886 1049 3919 vos
1069 3867 1197 3932 obsecro,
1216 3879 1248 3922 ut

153 3940 250 3993 urbem
270 3940 349 4003 hano,
368 3944 398 3993 in
416 3952 490 3995 tanta
508 3944 576 3996 belli
594 3942 747 3995 calamitate
765 3950 924 4002 versantem,
944 3940 1082 3991 exanimo
1103 3949 1132 3992 et
1148 3940 1247 3993 intimo

152 4020 265 4080 pectore
285 4012 449 4064 defendatis.
468 4015 542 4066 scitis
561 4016 634 4067 enim
651 4014 712 4083 ipsi,
731 4011 802 4062 hanc
817 4028 864 4063 vos
884 4011 994 4061 alterans
1007 4008 1122 4078 patriam
1142 4019 1171 4063 et
1189 4027 1249 4062 ma-

153 4088 223 4133 trem
241 4098 349 4151 semper
374 4082 513 4135 habuisse:
543 4100 626 4153 quare
651 4084 749 4136 iterum
766 4098 814 4133 vos
836 4080 967 4139 obsecro,
986 4087 1017 4131 ut
1032 4081 1060 4131 in
1080 4082 1140 4151 ipso
1160 4099 1248 4133 rerum

154 4150 312 4203 discrimine
332 4153 432 4204 amicos
451 4161 479 4205 et
500 4152 562 4205 iidei
581 4154 668 4207 socios
688 4161 716 4205 et
733 4153 828 4203 fratres
845 4168 894 4203 vos
909 4146 1076 4219 praestetis?
1095 4150 1195 4205 deinde
1212 4150 1249 4202 ad

154 4222 290 4277 sinistram
313 4239 422 4288 versus,
441 4224 552 4293 Ligures
571 4225 609 4276 ita
634 4224 771 4277 allocutus
788 4230 830 4276 est
845 4220 991 4290 “Ligurem
1011 4222 1107 4278 iratres
1127 4221 1249 4274 honora-
