3042 4900
294 257 376 358 148
611 277 784 344 cronon
815 276 1056 342 PHRANI'LAE

290 427 539 506 ον’θεντόποολος
565 428 662 512 όιιόρ
686 431 807 510 Θωμᾶς
833 427 867 492 τό
892 431 950 491 τοῦ
971 429 1139 510 πριγκίποο
1162 426 1376 507 Κεντηρίιονος

288 533 475 613 πτολίεθρον
500 524 558 612 τῆν
578 525 818 611 Χαλατρίτζαν,
845 529 901 591 τοῦ
933 530 988 592 καί
1015 527 1181 606 μετέπειτα
1214 519 1377 606 γεγονότος

287 633 446 713 πενθεροῦ
466 629 587 711 adteri,
617 625 812 709 ἐπολιόρκει·
861 623 879 688 o‘
915 627 950 690 δὲ
974 625 1127 706 αάθέντης
1144 644 1209 704 μου
1236 617 1306 701 ἅμα
1333 623 1376 709 τῷ

287 731 418 817 ἀδελφῷ
435 728 538 792 αὑτοῦ
565 724 737 810 διήρχοντο
758 724 813 789 tut
834 727 889 809 τῆς
911 723 989 789 ὁδοῦ
1012 726 1068 809 τῆς
1094 723 1140 798 εἰς
1159 718 1297 802 Πέτρον
1317 744 1376 807 φε-

278 831 422 914 ρούσης·
465 824 671 900 κατελθόντες
691 818 748 890 οάν
780 826 948 905 ἐμείναμεν
969 822 1053 904 ὄμοό
1076 823 1121 896 εἷς
1140 820 1198 904 την
1219 819 1401 900 Komoi-5

286 932 376 1007 τζαν.
394 921 581 1001 Ἰωοννίκιος
605 923 748 1000 Βολότας
770 917 828 988 σόν
849 920 865 986 ό
885 925 943 988 rori
962 926 1129 1008 πριγκίπον
1149 923 1250 984 ἐκεῖσε
1270 911 1378 1003 ἀρχοιν

286 1029 330 1104 ἀς
352 1027 452 1108 ἔμαθε
482 1030 597 1104 τοῦτο,
629 1023 764 1106 αἰτήσας
794 1025 971 1107 ἀφιέρωσιν
999 1023 1051 1086 ἵνα
1079 1021 1280 1106 ἀμφοτέρους
1305 1015 1379 1091 τούς

286 1128 442 1202 αόθέντας
473 1122 552 1214 ἔλθῃ
582 1126 799 1207 προσκυνῆσαι
829 1121 959 1202 αάτοός,
991 1121 1047 1185 καὶ
1075 1117 1178 1183 έλθιόν
1200 1114 1299 1194 εάθός
1320 1115 1379 1193 τός

285 1231 342 1293 τοῦ
361 1229 550 1310 πτολιέθρου
568 1230 651 1298 κλεῖς
671 1221 814 1304 έκβολών
826 1223 942 1286 δέδοικε
956 1221 1073 1294 τσότας
1087 1222 1131 1304 τῷ
1152 1217 1292 1304 αάθέντη
1313 1240 1377 1298 μον

285 1331 330 1414 τῷ
351 1324 495 1412 δεσπότῃ,
521 1321 618 1388 είπτόν
636 1318 750 1387 ιετοῦτό
765 1323 831 1387 ἐστι
851 1319 1033 1404 πτολίεθρον
1050 1321 1138 1393 ἰδίως
1150 1322 1208 1381 τοῦ
1221 1318 1376 1382 αάθέντοο
1388 1346 1421 1386 ιο

284 1451 348 1509 μου
359 1429 415 1490 καί
426 1423 629 1507 σογγάμβρσο
638 1425 694 1506 τῆς
701 1423 867 1503 βασιλείας
878 1419 957 1486 σου”
967 1419 1103 1504 (καὶγὰρ
1116 1419 1133 1482 ὅ
1144 1421 1202 1482 τοῦ
1210 1419 1377 1501 πριγκίποο

285 1524 356 1602 οἰός
368 1527 542 1608 προέλαβεν
552 1524 598 1600 εἷς
610 1518 744 1602 νόμιμον
753 1529 887 1603 γοναΐκα
899 1517 955 1602 τήν
966 1516 1109 1603 ἀδελφὴν
1123 1522 1178 1600 τῆς
1191 1520 1378 1601 βασιλίσσης

286 1627 399 1706 κυρίας
421 1622 617 1707 Θεοδοόρας),
634 1616 698 1696 “lle
715 1645 771 1702 μοι
790 1623 976 1702 προσέταξεν
993 1619 1045 1682 ἵνα
1071 1615 1254 1698 παραδιόσοο
1283 1618 1377 1682 τοῦτο

289 1728 327 1811 τῇ
346 1725 490 1808 βασιλείᾳ
510 1722 598 1785 σοο.”
638 1719 655 1785 ό
677 1723 713 1786 δὲ
733 1717 919 1804 ἀποκριθεὶς
939 1712 1024 1782 εἶπεν
1045 1717 1131 1806 adteri
1145 1712 1269 1792 “orirer
1292 1715 1375 1800 ἔχει,

289 1818 337 1888 ότι
360 1824 529 1905 συγγενοός
548 1817 611 1901 μσό
645 1823 732 1886 ε’στιν
753 1818 771 1881 ό
791 1821 931 1896 τοιοῦτος
959 1813 1071 1897 τόπος,
1102 1817 1170 1880 ἀλλ’
1192 1817 1233 1880 ον’
1254 1836 1375 1900 γνησιε-
1389 1819 1424 1882 15
1511 1905 1512 1912 η

287 1927 401 2005 στέροο
424 1923 484 1986 τοό
517 1921 660 2006 ἀδελφοῦ
680 1941 754 2002 μου.
812 1914 921 1982 λοιπόν
950 1919 981 1982 εἰ
1010 1919 1251 2003 προγενέστερον
1278 1913 1378 1981 ἐποίει

287 2025 400 2102 τοῦτο,
436 2018 453 2084 ό
487 2018 626 2104 ἀδελφός
646 2043 716 2100 μον,
741 2025 808 2082 κατ’
826 2020 910 2099 ἐμοῦ
941 2017 999 2080 οάκ
1019 2017 1225 2100 ε’νεχειρίζετο
1247 2010 1379 2080 οάδὲνό

288 2118 349 2202 ε’γιό
371 2114 478 2202 εἶχον,
499 2119 555 2182 καί
573 2115 672 2196 αάτός
693 2119 748 2181 καί
766 2114 784 2180 ό
815 2119 968 2201 αάθέντης
987 2139 1045 2180 σον
1071 2113 1272 2200 ἀλλοτρόποος
1294 2109 1380 2196 είχον

288 2217 379 2283 αότό.
400 2216 441 2282 τό
463 2221 521 2282 νόν
542 2207 599 2281 οόν
618 2220 649 2281 εἰ
671 2212 848 2299 παραλάβω
870 2213 964 2299 αότό,
987 2215 1106 2300 ἀνάγκη
1127 2215 1211 2280 ἐστὶν
1235 2217 1286 2280 ἵνα
1308 2217 1381 2277 dru-

289 2318 465 2404 φερώμεθα
486 2315 566 2399 μετὰ
587 2319 645 2380 τοῦ
665 2318 810 2401 ἀδελφοῦ
829 2337 913 2397 μον,
944 2319 999 2379 καί
1020 2313 1057 2380 od
1079 2315 1230 2399 τνγχάνει
1251 2313 1305 2379 dui
1323 2332 1425 2376 πο-οο

289 2420 329 2483 λό
350 2443 402 2500 τι,
437 2420 541 2503 πολλῷ
564 2419 686 2500 μᾶλλον
705 2413 759 2482 ded
781 2417 941 2481 τοσοῦτον.
992 2417 1059 2481 ἀλλ’
1081 2409 1200 2480 ἄπελθε
1220 2415 1254 2479 έν
1275 2414 1381 2501 edroi,

289 2517 345 2583 καί
363 2518 406 2595 ἀς
437 2516 575 2583 δόνασαι
608 2516 770 2600 ποίησον.”
815 2514 859 2590 τός
885 2509 942 2580 cdv
970 2510 1085 2599 ἤκουσε
1109 2518 1230 2593 ταῦτα,
1267 2506 1382 2599 Ιἦτησεν

289 2618 342 2684 ίνα
364 2616 488 2694 ἀκόνας
514 2618 642 2705 εἰσέλθῃ
674 2621 706 2682 ἐν
733 2620 778 2704 τῷ
805 2616 908 2679 οάτοῦ
931 2619 1117 2705 πτολιέθρῳ.
1168 2612 1383 2699 προσταχθεὶς

359 2794 384 2846 5.
403 2794 520 2865 ἔμειναν
536 2792 566 2844 Μ
647 2793 673 2844 6.
691 2792 821 2861 Ἰωάννης
841 2788 892 2848 οὖν
908 2792 1052 2853 Βάλοντας
1071 2793 1090 2845 Ρ
1182 2811 1207 2861 η.
1225 2810 1276 2863 pro
1296 2791 1379 2865 ἀφιέ-

361 2880 453 2936 ραιοιν
471 2862 560 2914 locum
575 2865 722 2917 vacuumP
798 2880 835 2915 in.
856 2864 990 2934 ἔλαβενΡ
1076 2868 1114 2920 ¹5.
1134 2860 1150 2919 ό
1168 2861 1254 2921 τόπος
1273 2853 1382 2925 οὗτοςΡ

364 2954 404 3059 ιη.
423 2936 569 3057 &pepigero
584 2936 605 2987 P
729 2937 769 2990 18·
787 2926 874 2997 4αάτός
890 2940 940 2989 καὶ
956 2952 998 2987 om
1017 2935 1037 2987 t>
1153 2932 1382 3007 ἀλλεοτρόπτοςΡ

362 3022 378 3057 n
399 3044 405 3057 .
423 3025 442 3059 α
461 3024 499 3076 τςο
1204 3042 1205 3047 =

294 3168 419 3221 dominus
443 3166 614 3221 Centerionic
638 3168 770 3237 principie
779 3206 788 3232 ,
816 3169 891 3221 cuius
908 3168 980 3219 idem
998 3176 1095 3238 posteo
1112 3184 1195 3237 gener
1213 3169 1301 3221 factus
1324 3178 1383 3232 est,

295 3240 456 3310 oppidulum
476 3238 665 3291 Chnlntritzam
693 3238 845 3291 obsidebat.
879 3238 1002 3291 dominus
1021 3240 1103 3307 igitur
1127 3255 1203 3289 meuc
1222 3256 1283 3291 cum
1304 3239 1384 3292 fratre

295 3313 399 3363 Petram
419 3311 563 3379 processit,
592 3308 804 3379 divertimusque
826 3327 879 3361 una
902 3326 993 3362 omnes
1011 3308 1199 3361 Camenitznm.
1227 3311 1323 3382 itaque
1341 3314 1385 3362 lo·

299 3381 440 3432 hunnicioe
456 3380 577 3443 Baiocas,
605 3380 693 3449 princi
715 3382 738 3432 ie
762 3380 800 3431 ibi
821 3390 998 3450 procurator,
1019 3380 1067 3431 ubi
1090 3382 1141 3433 hoc
1160 3378 1271 3443 didicit,
1290 3391 1384 3451 portu·

299 3452 354 3503 leta
374 3450 547 3513 admissione,
572 3450 664 3503 omboc
689 3398 812 3502 dominor
837 3450 975 3503 adoratum
998 3452 1090 3513 venit,
1119 3459 1148 3503 et
1173 3451 1248 3503 illico
1266 3453 1387 3521 prolatu

300 3519 396 3590 oppidi
412 3521 501 3571 claves
519 3519 663 3590 despotae,
694 3521 804 3573 domino
824 3538 901 3583 meo,
920 3520 962 3575 hie
987 3520 1076 3573 verbis
1094 3520 1218 3573 tradidit:
1236 3521 1386 3593 “oppidum

300 3592 353 3643 hoc
371 3592 510 3663 proprium
534 3600 576 3641 cet
594 3590 704 3643 domino
725 3609 786 3645 meo
808 3594 957 3646 maiestatis
977 3600 1041 3644 tuae
1066 3590 1159 3643 affin?
1177 3594 1290 3662 (etenim
1308 3594 1387 3663 prin-

301 3664 369 3733 cipit
385 3661 457 3713 illinc
478 3676 596 3712 sororem
610 3660 772 3715 theodone
790 3664 966 3733 imperatricis
992 3663 1118 3730 legitimis
1138 3664 1242 3733 nuptiis
1259 3662 1310 3717 eibi
1321 3682 1387 3717 con-

302 3734 453 3802 iunxerat),
478 3732 527 3802 qui
551 3732 686 3785 mandavit
705 3733 787 3796 mihi,
809 3742 840 3785 ut
858 3734 992 3786 maiestati
1019 3744 1081 3786 tune
1105 3732 1135 3786 id
1162 3732 1318 3787 dederem.’'
1345 3752 1387 3786 re-

303 3802 420 3872 spondet
430 3803 639 3855 Constantinus:
657 3802 720 3855 “ite
745 3811 775 3857 et
795 3820 836 3855 ree
859 3802 955 3868 habet,
980 3804 1054 3855 locus
1074 3805 1125 3856 iste
1150 3804 1235 3856 affini·
1255 3806 1311 3857 mei
1329 3814 1388 3867 ert,

303 3890 359 3925 non
376 3872 464 3924 iratrie
481 3873 549 3925 mihi
570 3875 741 3941 cognatiorie.
776 3883 894 3927 ceterum
922 3876 944 3926 ei
975 3878 1049 3944 prius
1075 3873 1127 3925 hoc
1153 3874 1275 3939 lecisset,
1304 3876 1389 3929 irater

304 3960 379 3995 meuc
398 3944 484 4008 nihil,
514 3942 587 4015 quod
606 3960 655 4014 ego
681 3952 818 4009 tenerem,
835 3954 928 3998 contra
955 3963 998 3997 me
1019 3954 1178 4015 occuparet,
1197 3954 1278 4014 atque
1296 3947 1347 4000 illo
1362 3954 1389 3997 et

304 4016 430 4084 princeps
451 4022 512 4067 tuuc
530 4013 698 4067 incommode
714 4014 743 4067 id
762 4014 901 4067 tenebant.
927 4033 1000 4069 nunc
1017 4024 1106 4067 nutem
1125 4016 1148 4067 εἰ
1168 4016 1297 4086 oppidum
1316 4018 1388 4069 acci-

305 4086 363 4153 pio,
382 4082 514 4138 interme
535 4085 700 4154 fratremque
717 4103 806 4137 meum
825 4085 966 4139 dimidium
985 4086 1083 4141 exoriri
1102 4102 1211 4139 neceme
1234 4095 1291 4152 ert,
1335 4085 1387 4139 uod

306 4170 342 4206 ne
363 4170 473 4223 magnae
493 4156 602 4227 quidem
618 4157 659 4208 rei
674 4172 752 4209 caure
764 4195 772 4221 ,
795 4158 895 4212 nedum
920 4158 1044 4212 tantillae
1067 4156 1126 4209 lieri
1152 4166 1268 4228 oportet.
1289 4106 1337 4211 sed
1359 4167 1388 4210 tu
