3042 4900
321 289 405 373 τρο
635 285 812 350 cronon
840 286 1083 350 risurum

317 437 374 504 καί
398 438 527 522 οῦραίων
558 437 765 521 οδροιότερον·
820 428 861 498 οῦ
883 434 1004 500 ἔσωθεν
1022 439 1084 499 sois
1106 417 1236 502 δδῦτων
1255 436 1311 502 καί
1331 432 1408 504 rism-

316 542 375 603 θεν
397 541 459 604 tois
479 539 718 620 θυοιαστηρίων
747 538 803 599 καί
822 537 986 617 τραπεζῶν
1009 530 1121 619 ἤσθιον
1148 538 1204 600 καί
1221 535 1336 617 ἔπινον,
1357 544 1409 603 καί

315 635 374 712 τός
404 631 544 720 ἇσελγεῖς
564 633 691 718 γνοόμος
726 636 783 698 καί
801 635 919 718 ὀρέξεις
950 633 1055 700 αὑτῶν
1077 634 1162 715 ,μετὰ
1180 639 1339 718 γυναικῶν
1357 641 1408 702 καί

316 738 484 818 παρθένων
512 735 567 800 καί
591 736 714 800 παίδων
733 733 898 800 ἐπόνωθεν
925 733 1054 800 ἐποίουν
1078 733 1134 798 καί
1154 731 1322 819 ἔπραττον.
1363 741 1408 812 τίς

315 833 360 918 μὴ
382 837 527 922 θρηνήσῃ
552 858 604 915 σε,
625 829 696 918 ἅγιε
714 836 791 914 ναός
811 835 868 897 καί
895 833 1061 914 πανταχοῦ
1081 835 1145 897 πᾶν
1166 832 1262 898 κακὸν
1278 828 1335 918 ἢν,
1358 840 1408 901 καί
1415 833 1430 895 5

315 936 404 1000 πᾶσα
425 931 545 1018 κεφαλή
562 925 660 1016 ἤλγει.
704 936 737 998 ἔν
758 931 853 1007 οἴκοις
868 935 980 1018 θρῆνοι
1002 929 1057 995 καί
1076 933 1250 1013 κλαυθμοί,
1270 938 1306 998 ἔν
1324 933 1407 1019 τριό-

315 1035 383 1108 δοις
404 1033 550 1114 σ’δυρμοί,
573 1037 607 1098 ἐν
631 1040 717 1108 ναοῖς
730 1033 920 1118 όλοφυρμοί,
942 1020 1067 1114 δνδροῦν
1087 1033 1233 1114 οἰμωγαί,
1253 1035 1407 1115 γυναικοῖν

314 1129 464 1214 όλολυγαί
483 1127 637 1212 ἔλκυσμυί
655 1131 911 1214 ἀνδραποδισμοί
924 1129 1126 1213 διασπασμοί
1135 1155 1170 1196 τε
1192 1134 1248 1196 καί
1264 1133 1404 1214 βιασμοί.

291 1228 344 1294 ·oi
365 1232 476 1310 σεμνοί
496 1234 539 1317 τῷ
562 1235 644 1314 γένει
667 1231 789 1311 α’τίμως
812 1230 980 1313 περιῆσαν,
1005 1226 1035 1294 οἱ
1053 1226 1200 1295 πλοόσιοι
1221 1225 1353 1296 ἇνόσιοι.
1374 1229 1406 1294 αἱ

314 1337 475 1410 πλατεῖαι,
498 1327 530 1394 αἱ
555 1333 667 1412 γωνίαι
688 1327 769 1392 κατὰ
789 1328 892 1394 πάντα
914 1325 1010 1392 τόπον
1036 1330 1202 1410 πανταχοῦ
1224 1332 1334 1394 παοοῦν
1353 1351 1444 1394 scu-so

313 1433 390 1492 sroiv
409 1421 448 1511 ἧν
470 1426 606 1509 ἔμπλεα·
649 1427 754 1502 ου’δείς
773 1424 867 1504 τόπος
888 1423 1127 1512 οἷνεξερεόνητος
1147 1421 1169 1512 ἢ
1187 1419 1304 1504 ῦουλος
1324 1426 1405 1508 ἔμει-
1510 1414 1511 1443 ³

312 1551 375 1592 νεν.
432 1518 457 1592 oi
482 1532 603 1612 Χριστὲ
620 1516 765 1611 βασιλεῦ,
791 1529 848 1610 τῆς
868 1525 937 1592 τότε
958 1529 1101 1608 θλόμεως
1122 1525 1178 1591 καί
1195 1531 1405 1612 στενοχωρίας

312 1630 418 1690 πᾶσαν
438 1623 530 1690 πόλιν
552 1628 609 1692 καί
627 1623 750 1712 χώραν,
784 1624 823 1710 ἢν
846 1627 986 1692 οἰκοῦσιν
1006 1624 1036 1689 οἱ
1056 1628 1259 1708 Χριστιανοί,
1281 1628 1405 1691 ἔλευθέ·

312 1746 424 1807 ρωσον.
474 1727 530 1788 καί
556 1725 660 1790 πάντα
691 1729 790 1810 κῆπον
819 1727 875 1790 καί
899 1720 982 1790 οἷκον
1003 1724 1033 1788 oi
1061 1727 1187 1806 ἀσεβεῖς
1217 1727 1276 1789 οῦκ
1296 1724 1403 1792 εἴασαν

312 1821 502 1908 ιιύοόρυκτυν,
524 1827 576 1890 ἵνα
597 1823 636 1890 τό
662 1827 865 1907 κεκρυμμένα
890 1825 1044 1909 χρήματα
1065 1820 1204 1908 εὕρωσι·
1248 1829 1303 1890 καί
1320 1826 1441 1890 nisi-15

311 1944 395 1986 στων
413 1927 473 2002 μὲν
491 1927 569 1990 νέων
581 1928 757 2007 θησαυρῶν
775 1929 832 1990 καί
851 1925 995 1989 παλαιῶν
1015 1923 1072 1989 καί
1088 1919 1207 2010 ἑτέρων
1226 1926 1403 2006 πολυτίμων

312 2020 504 2103 πραγμάτων
528 2021 672 2106 εῦρόιτες
692 2022 943 2109 ἐνεπλήσθησαν.

280 2154 301 2204 1³
396 2121 428 2186 9.
466 2120 523 2196 Ὡς
544 2115 601 2186 οῦν
619 2123 745 2206 ἡπόλις
768 2121 861 2205 ἑάλω,
884 2121 902 2186 δ
924 2123 1052 2210 ἄμηρῦς
1071 2120 1161 2188 ἔνδον
1179 2120 1335 2188 εἰσελθοδν
1353 2115 1401 2185 esi·

213 2217 217 2232 '
313 2217 376 2296 θός
397 2217 482 2308 πόσῃ
504 2223 629 2308 σπουδῇ
651 2220 780 2306 ζήτησιν
793 2225 893 2288 ἐποίει
911 2221 985 2308 περί
1003 2225 1063 2286 τοῦ
1080 2225 1247 2305 βασιλέως,
1269 2218 1306 2298 δς
1326 2218 1399 2286 κατὰ

312 2322 389 2384 νοῦν
410 2311 506 2386 ἄλλον
527 2321 585 2384 οῦκ
607 2323 764 2404 ἐλογίζετο
786 2325 817 2388 εἰ
834 2320 878 2406 μή
900 2322 995 2404 μόνον
1006 2326 1125 2404 μαθεῖν
1146 2325 1177 2387 εἰ
1196 2324 1234 2408 ζῇ
1256 2315 1277 2404 ἢ
1295 2324 1440 2404 τίθη-νο
1510 2310 1511 2359 ¹

312 2441 364 2483 κεν
386 2417 404 2483 ό
429 2419 590 2501 βασιλεῦς.
645 2426 700 2488 καί
718 2425 801 2499 τινὲς
828 2424 887 2503 μὲν
907 2419 1054 2498 ἐλθόντες
1075 2419 1181 2506 ἔλεγον
1202 2415 1251 2486 δτι
1272 2418 1400 2507 ἔφυγεν,

312 2510 402 2584 ἄλλοι
430 2523 466 2585 δὲ
486 2523 520 2585 ἐν
541 2523 580 2607 τῇ
602 2522 693 2589 πόλει
712 2520 819 2605 ἔλεγον
838 2517 919 2587 εἶναι
939 2525 1164 2606 κεκρυμμένον,
1186 2513 1278 2585 ῦλλοι
1302 2523 1338 2584 δὲ
1355 2543 1401 2584 τε·

312 2614 430 2687 ordros
453 2619 644 2703 μαχόμενον.
684 2626 740 2690 καί
765 2626 868 2689 θέλων
891 2624 1091 2705 πιστωθῆναι
1119 2622 1248 2707 α’λρθιῦς
1269 2616 1401 2685 ἔστειλα

385 2812 425 2866 ¹9·
446 2789 476 2856 δς
493 2812 537 2847 om
555 2795 575 2847 P

312 2956 382 3009 uris
399 2972 430 3008 ec
445 2971 550 3009 mensae
570 2956 683 3009 ederent
700 2957 887 3020 cohiberent,
907 2965 935 3010 et
952 2958 1069 3010 iiicestes
1086 2956 1250 3027 cupiditates
1271 2964 1301 3008 et
1311 2954 1399 3007 libidi-

311 3043 360 3080 nes
379 3044 440 3081 ιιιτι
463 3045 523 3081 cum
543 3028 670 3091 seminis,
700 3030 853 3099 virginibus
877 3037 907 3082 et
924 3028 1016 3099 pueris
1035 3036 1200 3081 exercerent.
1226 3028 1289 3152 puis
1307 3036 1334 3079 ts
1348 3043 1398 3079 uon

311 3097 413 3167 lugent,
431 3100 560 3169 tempium
570 3100 781 3153 sanctissimum!
800 3100 902 3169 ubique
915 3100 1053 3152 columitas
1072 3107 1130 3151 erat
1147 3107 1177 3150 et
1193 3096 1229 3149 do
1243 3098 1308 3149 ebat
1324 3112 1400 3149 omne

311 3179 401 3238 caput.
420 3171 448 3221 in
470 3170 595 3223 domibus
622 3171 742 3225 lamento
769 3179 798 3223 st
818 3170 907 3233 fletus,
933 3172 963 3223 in
985 3171 1072 3222 triviis
1091 3171 1225 3239 planctus,
1244 3169 1275 3219 in
1294 3167 1398 3238 templis

313 3240 410 3304 luctus,
428 3242 544 3295 virorum
565 3243 688 3311 gemitus,
707 3243 851 3297 mulierum
869 3242 998 3304 ululatus,
1016 3240 1140 3311 rupinae,
1158 3240 1344 3308 captivitates,
1359 3239 1399 3288 in-

313 3309 483 3365 rultotiones.
512 3328 610 3380 genere
635 3312 744 3365 nobiles
766 3314 895 3365 contemti
915 3321 1001 3375 erant,
1024 3312 1122 3363 divites
1141 3311 1227 3379 impii.
1247 3309 1354 3379 plateoe
1373 3314 1400 3359 et

314 3381 407 3447 unguii
425 3382 526 3451 ubique
546 3384 620 3437 omni
639 3385 771 3436 malorum
788 3400 887 3451 genere
906 3382 1112 3449 redundabant3
1129 3382 1221 3435 nullus
1240 3380 1316 3433 locus
1337 3386 1399 3439 eret,

315 3456 395 3519 'quem
418 3468 474 3503 non
492 3462 673 3507 scrutarentur
691 3464 719 3507 et
737 3456 898 3524 expilarent.
918 3454 1026 3507 Christe
1044 3470 1099 3515 rex,
1117 3451 1152 3503 sb
1170 3452 1228 3513 iiis,
1247 3468 1328 3520 quam
1345 3459 1398 3501 tum

314 3522 420 3589 experti
438 3539 537 3585 sunnis,
556 3526 665 3577 miseria
688 3535 717 3579 et
736 3526 889 3578 calamitate
907 3542 1015 3578 omnem
1035 3522 1129 3575 urbem
1149 3533 1178 3575 et
1196 3531 1305 3583 terrem,
1322 3537 1399 3593 quem
1510 3563 1511 3598 ρ

312 3590 459 3644 Christiani
488 3592 629 3658 habitant,
648 3604 750 3649 tueare.
777 3596 869 3649 nulior
888 3596 991 3659 hortos,
1016 3594 1093 3647 nulla
1112 3594 1251 3647 domicilio
1268 3609 1324 3645 non
1341 3608 1401 3660 per-
1510 3609 1511 3654 ι

312 3662 459 3733 quirebsnt
478 3665 564 3733 impii,
582 3674 612 3717 ut
629 3669 772 3735 pecuniam
791 3666 912 3719 abditum
930 3668 1095 3736 reperirent:
1115 3682 1148 3719 nc
1164 3664 1288 3716 maximis
1306 3664 1398 3714 inven—
1510 3659 1511 3668 ’

312 3734 347 3785 tis
374 3734 526 3798 thesauris,
553 3737 667 3790 vetustis
691 3746 720 3793 et
747 3738 833 3803 novis,
852 3746 935 3807 utque
955 3738 1015 3790 aliis
1042 3736 1122 3789 rebus
1146 3736 1276 3807 pretiosis
1297 3731 1399 3805 impleti

312 3812 382 3859 suut.

382 3890 408 3940 9.
446 3874 530 3944 Copta
557 3876 639 3943 igitur
654 3876 739 3942 urbs,
759 3892 879 3938 emeres,
899 3893 959 3929 eam
980 3877 1133 3946 ingressus,
1151 3875 1348 3930 studiosissime
1366 3872 1398 3925 de

311 3941 474 4012 imperatore
493 3946 651 4015 quaerebat,
669 3948 886 4017 necquidquam
904 3948 1045 4017 antiquius
1062 3946 1191 4011 habebnt,
1206 3964 1288 4018 quom
1308 3954 1338 3998 ut
1354 3960 1398 3995 co-

313 4024 470 4079 gnosceret,
489 4018 627 4069 viveretne
654 4034 689 4069 sn
706 4020 856 4071 interiisset
879 4018 1035 4087 imperator.
1057 4028 1139 4088 atque
1156 4036 1218 4072 eum
1237 4018 1285 4069 stit
1303 4016 1399 4085 fugisse

312 4082 448 4146 dicebant,
467 4088 514 4137 atti
532 4088 561 4139 in
581 4088 648 4139 urbe
667 4088 785 4151 latitare,
803 4089 849 4140 alii
870 4088 975 4155 proeiio
995 4089 1163 4143 occubuisse.
1184 4092 1277 4161 itique
1295 4097 1326 4139 ut
1347 4102 1398 4137 rem

312 4160 386 4207 certo
403 4166 591 4225 cognosceret,
623 4160 713 4225 misit,
739 4158 787 4211 ubi
814 4158 1030 4213 Christianorum
1055 4168 1084 4215 et
1111 4161 1256 4231 impiorum
1274 4156 1399 4211 ceder-ers
