3042 4900
299 255 385 343 388
620 281 793 347 oooaou
823 274 1065 343 operaturo

298 433 413 518 σπότης
432 430 450 497 t
471 432 529 515 κὺρ
563 434 681 512 Θωμᾶς
709 433 767 513 την
787 429 926 513 Πέτραν
953 420 1039 515 διέσῃ
1061 421 1140 507 μετὰ
1161 424 1216 506 τῆς
1239 422 1393 505 περιοχῆς

298 535 406 617 αὐτῆς,
437 528 486 597 ἔτι
518 534 554 595 δὲ
582 534 639 595 καί
668 528 708 594 τοὶ
730 526 929 611 Καλτὶβρυτα
958 529 1014 589 καί
1033 524 1140 597 ἁπλῶς
1161 519 1266 587 πάντα
1288 516 1393 585 icari

295 636 473 715 μακαρίτης
492 628 644 712 βασιλεῦς
667 633 907 701 Κωνσταντῖυος
930 622 1083 709 δεσπότης
1102 620 1147 687 oia
1166 623 1201 688 ἐν
1221 623 1261 709 τηῙ
1284 625 1394 686 Πελο-

295 728 440 819 ποννήσῳ
461 723 558 813 εἶχεν.
602 723 683 814 ὅπερ
706 726 744 812 δη
769 726 811 801 ὦς
831 719 963 809 ἤκουσεν
983 723 999 790 ὅ
1021 719 1172 807 δεσπότης
1192 720 1253 805 τδρ
1271 721 1393 799 Θωμᾶς

296 828 314 894 ὅ
338 828 492 913 αὐθέντης
521 826 576 893 καί
605 827 714 911 κύριος
736 822 841 891 αὐτῶν
870 828 904 889 ἐν
925 826 966 911 τῇ
983 822 1163 909 Μαντινείᾳ
1194 816 1422 902 διαβιβᾰζωνδ

295 931 435 1011 πανοικί,
458 930 562 993 ἐλθών
586 929 631 1004 εἰς
653 926 692 991 τὰ
713 928 789 1011 περί
804 922 860 1009 την
885 924 1014 1009 Τρέπην
1037 923 1151 1005 βουνοί,
1172 918 1251 985 ἔνθα
1277 917 1316 1005 δίη
1337 922 1396 983 καί

297 1026 315 1092 ὅ
336 1025 476 1113 α’δελφός
498 1029 598 1093 oritoni
621 1020 672 1110 ἦν,
692 1030 748 1090 καί
769 1024 798 1089 oi
820 1025 969 1109 ῥηθέντες
988 1020 1181 1087 καταπάτει
1201 1022 1267 1085 τῶν
1288 1018 1394 1083 τοιού-

296 1152 361 1194 των
382 1130 571 1207 α’ξιεπαίνων
596 1123 696 1211 ἔργων
709 1120 824 1209 η’λθσν·
866 1127 921 1189 καί
940 1115 1016 1189 τ’ίνευ
1036 1122 1220 1205 συμβουλῆς
1239 1114 1260 1204 ἢ
1282 1120 1394 1202 α’ντιρ-

297 1230 431 1311 ρήσεως,
450 1224 495 1310 μη“
518 1225 652 1310 ποιήσας
673 1224 830 1309 ἀναβολὴν
852 1224 1015 1303 οδδεμίαν,
1037 1219 1203 1285 α’πέστειλε
1220 1216 1275 1283 τόν
1288 1214 1395 1282 αὖτοὸ

296 1328 398 1409 μέγαν
418 1322 689 1408 πριμικὴρισντὸν
700 1320 867 1405 Λάζαρον,
880 1327 935 1387 τιαιΙ
954 1319 1110 1387 πάντατὰ
1131 1318 1268 1405 ῥηθέντα
1290 1309 1394 1381 ἄστεα
1408 1336 1444 1377 ιο

295 1428 340 1513 τῷ
361 1426 470 1512 α’μηρρῖ
492 1426 674 1507 παρέδωκεν
694 1422 737 1499 ὥς
758 1419 884 1504 λάχανα
904 1420 1016 1507 κηάσυ.
1065 1423 1103 1508 τῇ
1124 1422 1153 1483 δ’
1174 1418 1255 1505 αὐτῇ
1275 1416 1395 1499 σχεδὸν

295 1524 401 1613 ἡμέρη
421 1523 492 1589 ἐπεὶ
514 1519 531 1586 ὅ
554 1524 679 1609 α’μηριῖς
701 1517 742 1605 ἦν
777 1519 1029 1604 αὐαγτιαζόμενος
1049 1520 1189 1597 ἐξελθεῖν
1206 1522 1264 1603 τῆς
1285 1522 1394 1583 Πελο-

297 1622 454 1706 ποννήσου
480 1619 534 1687 διά
544 1646 615 1686 τινα
638 1625 763 1704 αἰτίαν,
783 1624 977 1703 καταλείψας
994 1614 1139 1703 Ἀμιίρην
1163 1615 1220 1683 τὸν
1240 1618 1295 1683 τοῦ
1310 1621 1395 1681 Του-

297 1725 422 1807 ραχοὶνη
442 1720 530 1806 υἱόν,
566 1724 619 1787 ἵνα
641 1720 726 1787 ατίτοὶ
754 1722 835 1810 λάβῃ
866 1723 935 1787 cirri
963 1722 1022 1786 τοῧ
1042 1720 1162 1804 οίμηρᾶ,
1182 1712 1199 1781 ὅ
1222 1718 1251 1782 δ’
1270 1719 1394 1783 ἐκεῖθεν

298 1823 402 1906 διέβη.
1407 1812 1443 1877 15

383 1922 434 1985 16.
481 1923 533 2010 Τῷ
562 1921 783 2009 δ”Οκτωβρίῳ
812 1922 891 2006 μηνί
917 1924 977 1985 τοῦ
997 1918 1094 2011 ,ςθξζ
1117 1914 1207 1995 έτσυς
1227 1914 1243 1982 ὃ
1266 1919 1394 2001 α’μηρᾶς

272 2019 487 2095 ὀίπσστείλας
516 2025 657 2104 πρέσβυν
685 2019 768 2104 πρὸς
788 2020 843 2086 τὸν
864 2021 1019 2104 δεσπότην
1039 2017 1098 2103 τδρ
1120 2014 1303 2102 Δημήτριον
1326 2009 1398 2104 ᾔτει

296 2117 355 2203 την
378 2122 540 2205 θυγατέρα
564 2122 669 2184 oritoni
689 2122 735 2197 εἰς
753 2126 902 2203 γυναῖκα,
920 2116 959 2203 ἢν
974 2116 1068 2199 ε”σχεν
1083 2120 1118 2182 έν
1139 2120 1194 2200 τῆς
1215 2115 1316 2181 αὐτοῦ
1336 2138 1396 2180 συ·

299 2218 396 2302 ζύγσυ
425 2224 483 2303 τῆς
510 2221 568 2285 τοῦ
589 2216 728 2284 Παύλου
757 2220 816 2283 τοῦ
849 2220 967 2304 Ἀσάνη
997 2214 1175 2301 θυγατρός,
1195 2218 1254 2279 rori
1273 2212 1397 2297 πατρός

298 2322 499 2383 Ματθαίου·
552 2321 584 2384 εἰ
602 2320 633 2383 δ’
651 2311 710 2400 οὔ,
729 2316 819 2401 μάχη
851 2316 910 2383 (ivai
936 2320 1041 2383 αδτοῖν
1065 2315 1181 2382 ἔσεται.
1225 2312 1303 2380 ὅδὲ
1321 2316 1444 2400 nepem

297 2417 413 2484 τούτου
435 2421 494 2483 τοῦ
512 2424 710 2484 συυσικεσίου
739 2421 879 2503 πρέσβυς
907 2414 1011 2484 έλθών
1031 2415 1088 2482 καί
1105 2414 1183 2500 πρὸς
1202 2412 1258 2481 τόν
1279 2414 1394 2481 δεσπό-

298 2543 354 2603 την
373 2519 434 2605 arip
460 2519 579 2598 Θωμᾶν
608 2521 654 2594 είς
674 2515 733 2603 τήν
764 2518 922 2583 Πόντικον
940 2519 1164 2602 εὖρισκόμενσν
1185 2514 1260 2594 τούς
1281 2511 1394 2596 ὅρκους

298 2620 353 2703 τῆς
375 2618 499 2702 ἀγάπης
518 2617 703 2700 ἀπετέλεσε,
736 2619 792 2684 καί
810 2616 849 2684 ταὶ
878 2615 922 2703 μὴ
945 2614 1119 2704 φθάσαντα
1142 2610 1239 2682 ἄστεα
1259 2617 1396 2698 δοθῆναι

298 2719 342 2804 τῷ
364 2715 503 2804 αὐθέντῃ
525 2719 625 2782 αὐτοῦ
643 2713 719 2799 ἔσχε
738 2716 820 2783 κατὰ
850 2719 907 2793 τὰς
927 2715 1125 2805 συμφωνίας,
1147 2713 1191 2794 αἱς
1212 2713 1392 2802 εἰρήκαμεν,

375 2911 416 2966 ιθ.
436 2909 551 2981 είχενΡ
637 2925 680 2964 ao·
706 2909 746 2972 δέ,
767 2912 865 2964 omiaao
884 2909 966 2978 σῦ,Ρ

299 3100 395 3168 bryta,
414 3107 442 3152 et
462 3099 573 3151 omniuo
591 3107 697 3165 cuncta,
716 3115 788 3170 quae
805 3099 902 3152 beatae
926 3100 1073 3154 memoriae
1090 3101 1238 3169 imperator
1258 3097 1393 3150 Conrtau-

300 3173 375 3224 tinus
394 3167 525 3242 despota,
553 3187 635 3240 quum
662 3173 687 3230 it
711 3171 741 3222 in
763 3173 951 3241 Peloponneso
969 3179 1056 3234 esset,
1081 3169 1222 3222 habuerat„
1259 3185 1330 3240 quae
1348 3167 1392 3219 ubi

300 3241 390 3293 audiit
407 3241 527 3294 Thomas
546 3241 671 3311 despota,
688 3259 783 3293 eorum
801 3242 923 3294 dominus
941 3251 970 3293 et
993 3243 1127 3312 princepe,
1145 3256 1205 3292 cum
1225 3241 1300 3292 omni
1321 3239 1395 3290 sami-

300 3313 339 3363 lia
358 3313 516 3365 Mantineae
534 3312 651 3381 degens,
680 3313 711 3363 iu
729 3313 857 3366 viciniam
873 3315 976 3382 Trypea
1005 3312 1095 3375 buna,
1121 3312 1169 3363 ubi
1188 3311 1272 3363 irater
1291 3311 1349 3362 eius
1367 3315 1394 3361 et

302 3383 347 3434 iati
364 3399 452 3434 rerum
469 3392 523 3435 tam
540 3383 720 3436 laudabilium
730 3392 853 3436 auctores
870 3392 954 3447 erant,
973 3383 1112 3444 concessit,
1133 3401 1164 3434 ac
1182 3384 1241 3435 aine
1260 3381 1393 3434 delibera-

305 3454 382 3505 tione
405 3455 449 3504 vei
470 3455 660 3506 reclamatione
681 3463 710 3509 et
728 3455 841 3507 minime
858 3463 1016 3508 cunctanter
1032 3455 1169 3519 Lazarum,
1189 3471 1317 3522 magnum
1337 3451 1392 3520 pri·

304 3523 444 3576 micerium
463 3541 549 3587 aurun,
568 3527 643 3577 misit
657 3535 685 3578 et
696 3525 763 3588 ioca,
785 3543 854 3596 quae
876 3525 942 3587 diri,
960 3527 1058 3586 oronia,
1074 3534 1205 3596 tanquam
1224 3526 1298 3576 olera
1316 3521 1394 3582 horti,

305 3599 413 3646 aurorae
431 3593 553 3646 tradidit.
590 3613 673 3666 quum
691 3599 788 3652 eodem
807 3598 890 3649 ferme
910 3596 954 3648 die
974 3613 1076 3648 amaras
1095 3613 1110 3648 e
1131 3597 1322 3665 Peloponneao
1339 3593 1394 3644 dis-

305 3666 402 3718 cedere
421 3683 499 3717 causo
518 3667 635 3734 quadam
653 3677 808 3736 cogeretur,
825 3671 956 3729 Amorem,
976 3667 1146 3720 Turachauia
1164 3668 1260 3732 filium,
1277 3666 1325 3738 qui
1346 3663 1393 3715 itta

303 3754 353 3806 pro
371 3754 400 3789 ιο
418 3746 579 3805 occuparet,
597 3738 725 3808 reliquit,
746 3740 805 3809 ipse
823 3738 888 3791 iude
905 3739 982 3790 abiit.
1067 3731 1072 3744 '
1135 3777 1139 3786 .

378 3809 417 3860 16.
454 3805 566 3858 Octobri
587 3825 679 3860 menae
697 3811 762 3861 anni
778 3811 847 3880 6967
867 3817 984 3872 atneras,
1001 3808 1092 3878 legato
1111 3807 1146 3859 ad
1161 3807 1328 3860 Demetrium
1347 3803 1393 3856 de·

306 3885 410 3945 epotam
428 3881 524 3940 mitto,
553 3879 633 3931 huiua
657 3880 743 3942 filiam
768 3881 797 3933 in
817 3881 1019 3932 matrimonium
1045 3878 1098 3931 sibi
1118 3879 1259 3950 expetivit,
1276 3893 1354 3948 quem
1371 3877 1393 3926 ie

307 3964 340 3997 ex
361 3947 435 4000 Pauli
452 3951 561 4013 Aeonis,
579 3950 664 4019 patria
683 3951 833 4014 Matthaei,
852 3952 917 4016 iilia,
935 3968 1019 4003 ttaore
1040 3951 1172 4019 legitima,
1190 3948 1325 4000 babebat:
1342 3946 1392 3997 nisi

307 4015 399 4081 daret,
416 4037 465 4089 pro
480 4019 559 4073 horte
578 4037 607 4072 ee
625 4037 687 4073 eum
703 4023 868 4075 habiturum.
904 4023 939 4076 de
963 4021 1016 4074 hoc
1034 4022 1160 4090 coniugio
1179 4021 1274 4072 mittut
1293 4020 1393 4087 legatus

308 4087 445 4141 etiamad
472 4090 602 4143 Thomam
626 4093 767 4162 despotam
791 4093 894 4146 Pontici
924 4100 1074 4146 versantem
1095 4093 1185 4154 venit,
1211 4099 1252 4153 et,
1270 4091 1393 4160 pactione

307 4173 367 4210 cum
389 4172 422 4210 eo
442 4160 523 4226 tacta,
540 4162 644 4234 oppida
660 4163 778 4236 principi
795 4181 844 4218 auo
858 4163 978 4218 nondum
988 4163 1088 4218 donata
1098 4163 1248 4218 secundum
1267 4167 1394 4216 conventa
