3042 4900
346 265 429 351 532
639 281 803 346 ronuurs
839 278 1111 345 insonueris

276 442 280 449 ’
344 439 445 520 πόλει,
464 438 519 501 κατ’
537 434 593 499 νῦν
611 436 894 515 κατακοιμηθεῖσαι
916 428 1051 517 ζοφερὰν
1074 428 1175 510 αὐτὴν
1197 429 1424 515 ἀπειργάσαντο

345 544 457 626 πάντη.
500 535 555 599 καί
573 532 607 596 τί
624 530 666 615 με]
692 529 826 614 λέγοντά
849 538 1001 616 κρεῖττονς
1022 530 1145 613 οάρανηῑ
1166 552 1199 593 τε
1220 533 1275 593 καί
1292 530 1332 615 γῇ
1351 527 1426 593 rori·

345 666 402 725 την
422 634 545 700 εἴκασεν
564 625 604 696 dv
618 656 666 707 τις
684 630 741 713 την
760 628 853 694 πόλιν
868 626 1039 711 suaviloq-
1055 628 1089 691 τά
1108 633 1167 710 μὲν
1186 628 1249 711 γάρ
1269 622 1335 693 dvo
1354 628 1428 703 τσάς

347 742 381 804 έν
404 736 500 820 ἀρετῇ
519 728 749 811 διαλάμποντος
772 727 935 813 οἰκήτορας
958 726 1106 811 πρότερον
1127 725 1201 811 ἕχον
1219 730 1317 811 μέρος
1334 728 1430 809 οὖρα-

345 840 404 901 νοῦ
432 824 589 915 setosis
610 832 738 913 σχῆμα,
771 826 805 894 τό
829 826 913 893 κάτω
945 830 981 893 δὲ
1005 831 1061 891 καί
1081 826 1160 910 πρὸς
1179 828 1339 893 θάλατταν
1360 830 1456 912 pins

348 932 382 999 εἴ
399 957 447 1009 τις
464 932 493 996 δ’
514 923 553 995 du
581 928 638 993 καί
663 924 828 995 συνεκτικὰ
849 926 931 992 εἴποι
955 924 1086 1002 πάλους
1113 930 1153 1015 τῇ
1171 926 1261 991 πόλει
1267 978 1278 1008 ,
1313 928 1370 991 eain
1391 922 1431 991 άν

347 1031 496 1117 ἁμάρτοι.
537 1023 563 1095 o‘i
586 1028 768 1114 πράγματος
789 1032 887 1107 ξένου.
911 1025 989 1091 ἔνθα
1009 1025 1098 1091 πόνοι
1114 1030 1169 1109 τῆς
1187 1028 1358 1111 οἶσκητικῆς
1376 1030 1433 1092 τοῦ

349 1130 464 1207 παντὸς
494 1132 646 1210 ἐτιμῶντο
679 1132 896 1210 παλαίστρας,
925 1125 995 1191 vovi
1024 1128 1178 1210 θεοστυηῆ
1200 1126 1432 1209 διαπράττεται.

350 1233 405 1295 καί
422 1228 496 1303 θεὸς
530 1228 732 1310 ὑπερτίθεται
759 1228 816 1309 την
851 1227 1020 1309 ἐκδίκησιν.
1071 1218 1198 1289 diensi
1218 1222 1336 1308 άκοχη,
1368 1227 1433 1299 παῖς

290 1330 498 1416 3η8τοιοάτων
520 1330 672 1410 pragu,-
699 1330 824 1407 βέλτιον
845 1319 886 1388 riu
912 1318 949 1407 ἧν
967 1322 1024 1407 την
1044 1327 1101 1408 γῆν
1121 1326 1319 1405 διασχοῦσαν
1337 1321 1433 1388 καλά·
1446 1348 1476 1390 ιο

350 1448 413 1511 ραι
431 1421 454 1511 ἢ
473 1430 583 1491 τοῦτον
603 1426 704 1490 ταῦτα
725 1427 1020 1507 μετασκευασθῆναι
1043 1422 1098 1489 τὸν
1119 1420 1247 1507 τρόπον.
1299 1432 1435 1507 κρεῖττον

350 1523 391 1594 dv
410 1520 448 1609 ἦν
461 1522 509 1589 ἑνί
520 1527 575 1607 της
594 1528 650 1607 γῆς
661 1522 864 1609 οἷνατιναγμηῖ
876 1526 970 1588 ταυτί
987 1524 1262 1587 καταπεπτωκέναι
1278 1521 1335 1588 κατ’
1352 1524 1435 1605 μηδὲ

350 1630 486 1707 λείψανα
504 1626 580 1706 γοῦν
594 1624 856 1708 έναπολελεῖφθοι
871 1626 913 1709 τῷ
926 1619 1031 1709 τόπῳ·
1073 1618 1142 1687 τότε
1161 1618 1224 1707 γάρ
1243 1623 1284 1685 ου’
1302 1624 1434 1685 τοσοῦτο

350 1725 406 1801 τάς
427 1726 490 1788 τοῖν
519 1720 663 1805 ὄράντοον
695 1718 805 1804 ψυχάς
832 1721 958 1785 ἔδακνεν
989 1716 1027 1785 dv
1053 1717 1089 1785 τά
1121 1718 1234 1796 πάθος.
1280 1721 1357 1807 ἡμῖν
1376 1722 1435 1799 μέν

350 1828 406 1891 κατ’
423 1822 458 1889 τά
480 1824 610 1887 εἰσιέναι
629 1820 718 1886 ἔνδον
732 1824 790 1885 τοῦ
809 1822 1040 1905 θυσιαστηρίου
1062 1817 1199 1905 φοβεράν
1221 1814 1305 1885 εἶναι
1322 1817 1433 1903 ἐδόκει,
1446 1827 1475 1891 ι5

351 1927 407 1990 καί
423 1923 532 2005 μόνοις
555 1916 594 2005 ἦν
613 1923 771 2006 είσιτητὸν
801 1928 867 1996 τοῖς
897 1922 1096 2004 τεταγμένοις
1129 1922 1166 1985 έν
1188 1920 1305 2007 τούτῳ,
1325 1918 1437 2005 ψυχὴν

352 2025 408 2089 κατ’
435 2025 528 2103 σῶμα
559 2023 712 2103 πρότερον
740 2024 835 2105 σφίσι
862 2022 1113 2103 καθηραμένοις·
1161 2018 1201 2082 τά
1234 2023 1293 2084 νῦν
1313 2021 1351 2083 δὲ
1370 2026 1436 2095 τοῖς

352 2126 519 2207 βδελυροῖς
535 2125 597 2207 φεῦ
611 2121 742 2201 άνεῑται,
763 2117 886 2204 καὶτῆς
905 2118 1052 2201 τοιαάτης
1072 2117 1130 2180 οδκ
1146 2118 1348 2201 ἀπείργονται
1367 2114 1435 2183 τόλ-

352 2246 424 2307 μης.
465 2226 519 2285 κατ’
549 2214 620 2285 οὔτε
640 2224 680 2305 γη
699 2223 858 2284 διίσταται
885 2222 941 2283 καί
958 2217 1031 2292 τούς
1054 2215 1134 2283 κατά
1154 2222 1232 2283 θεοῦ
1252 2220 1436 2301 χωροῦντας

353 2318 497 2405 χωννάει,
519 2314 593 2383 οὔθ’
613 2316 700 2403 ἥλιος
721 2312 844 2383 άνυθεν
865 2320 1069 2401 καταφλέγει,
1097 2310 1120 2399 ἢ
1143 2316 1278 2398 οδρανδς
1298 2314 1475 2403 σφοδρδντο

354 2416 447 2484 sistris
467 2420 664 2499 καταπέμπει
684 2422 739 2484 καί
758 2419 914 2482 καταδάει
937 2418 1113 2502 τάνόμημα.
1156 2410 1216 2504 ὅπῃ
1237 2418 1294 2482 νοῦ
1315 2420 1369 2482 καὶ
1388 2416 1435 2480 αι’·

355 2518 499 2604 σθησεοον
519 2515 616 2604 νὴψει
636 2519 736 2584 θείων
749 2521 861 2602 λογίων
878 2511 970 2606 ᾔδετο
985 2521 1064 2603 μέλη
1082 2517 1137 2582 καί
1153 2515 1339 2603 συνᾴδοντας
1359 2509 1436 2602 ἦσαν

358 2841 464 2896 quaque
484 2828 638 2877 effecerunt.
675 2831 704 2878 et
720 2826 786 2896 qnid
800 2827 1054 2896 praestantissimum
1071 2827 1168 2878 taceo?
1202 2825 1277 2878 eaelo
1295 2832 1433 2896 terraeque

357 2897 451 2948 urbem
470 2895 646 2948 bancnescio
666 2897 726 2966 quia
743 2907 806 2967 apte
825 2900 1021 2950 assimilaverit.
1056 2913 1173 2968 namque
1186 2915 1246 2968 pars
1265 2897 1341 2949 illins
1357 2913 1433 2967 supe-

359 2969 421 3027 rior,
440 2984 509 3036 quae
527 2968 600 3037 prius
618 2967 783 3020 habitatores
796 2971 824 3020 in
841 2971 984 3022 virtutibus
1001 2977 1166 3038 praestantes
1179 2969 1251 3020 viros
1270 2968 1433 3030 continebat,

359 3039 441 3101 caeli,
459 3055 524 3108 pars
543 3038 654 3090 interior
680 3048 709 3091 et
724 3041 792 3091 mari
810 3040 935 3092 alliacens
955 3048 1043 3092 terrae
1068 3039 1177 3108 liguram
1194 3055 1258 3109 prae
1277 3056 1306 3092 se
1325 3037 1433 3091 lambat.

358 3111 381 3160 si
399 3110 540 3178 quievero
562 3118 590 3161 et
605 3111 742 3161 columnas
763 3111 855 3162 urbern
881 3111 1052 3163 continentes
1077 3110 1215 3172 adiiceret,
1232 3125 1283 3161 nae
1300 3111 1322 3163 is
1342 3125 1358 3161 a
1377 3123 1435 3162 vero

360 3195 414 3230 nou
434 3181 603 3230 aberraverit.
640 3197 732 3233 orem
750 3182 928 3250 peregrinam!
969 3181 1015 3233 ubi
1041 3181 1145 3234 labores
1164 3181 1371 3233 exercitatoriae
1389 3197 1435 3250 pa·

360 3251 475 3301 laestrae
493 3260 555 3301 ante
575 3251 665 3302 omnia
684 3253 912 3322 praeferebantur,
937 3269 1010 3303 nune
1028 3252 1079 3304 dee
1099 3269 1178 3304 exose
1198 3251 1395 3316 conficiuntur;
1410 3257 1436 3302 et

360 3319 427 3372 (leus
453 3322 585 3372 ultionem
611 3324 700 3373 reiicit
725 3325 753 3373 in
781 3324 854 3374 aliud
878 3321 1002 3392 tempus?
1038 3340 1054 3374 o
1083 3322 1128 3374 dei
1153 3322 1339 3375 tolerantiaml
1371 3337 1436 3392 qno·

360 3391 441 3442 modo
459 3392 556 3442 similia
573 3394 745 3446 sustinuisti?
790 3395 886 3447 melius
909 3393 1005 3445 suisset
1020 3393 1096 3446 biatu
1114 3401 1203 3446 terrae
1221 3395 1332 3446 omnine
1349 3391 1435 3443 abser-

361 3469 407 3530 pta
426 3477 580 3531 essequam
601 3464 630 3514 in
655 3463 727 3515 hunc
756 3465 862 3516 modum
889 3473 1057 3517 commutata.
1102 3463 1250 3533 optabilius
1267 3463 1366 3516 inisset
1386 3479 1435 3514 nno

362 3540 448 3584 terrae
467 3541 542 3582 motu
559 3534 717 3597 concidisse,
737 3545 767 3586 ut
786 3553 821 3586 ne
833 3536 964 3604 reliquiae
976 3535 1084 3605 quidem
1097 3543 1241 3587 exstarent
1260 3543 1318 3587 turn
1341 3535 1435 3586 etenim

362 3619 419 3654 non
438 3601 593 3654 tantundem
617 3607 719 3656 animos
740 3606 903 3660 intuentium
919 3607 994 3658 ruina
1013 3606 1182 3658 lancinnsset.
1217 3605 1297 3658 nobis
1315 3614 1393 3658 anm
1411 3611 1436 3654 et

363 3674 392 3724 in
411 3683 501 3724 sancta
519 3682 669 3726 sanctorum
682 3678 813 3744 ingressus
831 3676 957 3728 terribilis
977 3677 1160 3745 reputabatur,
1176 3693 1227 3730 neo
1244 3677 1297 3729 nisi
1318 3677 1367 3746 qui
1383 3674 1435 3726 illie

363 3743 564 3806 inserviebant,
587 3744 677 3797 aditus
696 3747 789 3798 inilia
810 3747 964 3811 habebant,
990 3749 1079 3799 animo
1099 3757 1126 3799 et
1145 3763 1256 3818 corpore
1282 3745 1435 3816 depurgrtir

362 3831 436 3866 nnnc
453 3831 517 3865 vero
531 3817 698 3867 exsecrandis
715 3816 789 3870 bisce
806 3820 867 3886 (vae
879 3819 974 3870 misero
986 3817 1078 3888 mihil)
1096 3827 1200 3888 patent,
1219 3828 1247 3870 et
1264 3835 1279 3868 a
1297 3817 1379 3870 simili
1393 3833 1435 3866 au-

365 3884 440 3934 dacia
458 3902 516 3936 sese
541 3903 597 3937 non
623 3887 788 3939 retrabunt.¹
812 3898 840 3942 et
864 3897 935 3941 terra
956 3907 1012 3941 non
1030 3890 1146 3952 fatiscit,
1169 3907 1200 3940 ac
1217 3887 1346 3942 adsersus
1364 3887 1434 3940 deun

364 3955 463 4004 similia
479 3966 607 4008 conantes
626 3975 682 4009 non
695 3960 777 4026 tegit;
795 3960 836 4010 sol
853 3959 969 4028 desuper
987 3975 1041 4011 non
1062 3961 1222 4012 succendit?
1265 3960 1368 4012 caelum
1386 3973 1435 4010 rna-

364 4040 415 4090 gna
434 4025 647 4096 turbulentaque
665 4037 823 4098 tempestate
841 4029 956 4082 demissa
973 4031 1060 4082 scelus
1078 4048 1134 4083 non
1152 4031 1267 4100 mergit?
1302 4030 1351 4082 ubi
1368 4045 1435 4081 men·

365 4095 399 4145 tis
418 4107 597 4165 sensuumque
617 4099 763 4151 sobrietate
781 4098 929 4153 divinorum
954 4103 1121 4171 eloquiorum
1142 4103 1212 4154 rnele
1232 4102 1435 4154 concinebantur

366 4179 473 4234 unaque
490 4167 569 4219 simul
581 4167 697 4240 desuper
713 4171 911 4242 intelligentiae
934 4171 1074 4237 eruebant,
1095 4189 1169 4228 nunc
1180 4189 1274 4228 vocum
1292 4175 1434 4244 incompta·
