3042 4900
295 235 378 321 136.
599 259 773 322 ononcu
804 257 1049 322 summane

288 411 442 497 Πάτρας,
463 407 681 493 εὑρισκόμενοι
703 412 749 485 εἰς
769 406 824 493 τὴν
845 410 876 472 Γ
874 395 1044 490 λαρέντζαν
1063 405 1249 490 ἐγράψαμεν
1270 415 1383 473 πολλα·

287 538 337 588 κις
355 509 434 596 πρός
450 510 525 584 τοός
545 513 599 592 τῆς
619 505 775 591 Πάτρας,
796 511 962 581 σταλέντος
982 508 1050 570 ἐκεῖ
1069 509 1127 570 τοῦ
1147 508 1338 590 Πεδιάτου,
1360 505 1384 574 δι’

287 613 461 693 συνέτυχον
497 611 566 672 ἐκεῖ
590 610 731 690 λέγοντες
750 603 859 683 αότοῖς
886 606 941 670 καί
960 605 1035 688 περὶ
1053 597 1098 670 τόν
1119 603 1234 685 ἔταξαν
1254 611 1300 694 τῷ
1316 614 1384 673 Πε·

288 711 391 798 διάτη.
434 706 465 772 oi
485 711 521 771 δέ
550 707 755 789 ἀντέγραψαν
783 702 864 790 πρός
891 706 975 789 ἡμᾶς
996 703 1156 781 πολλάκις.
1198 704 1280 789 πλὴν
1300 709 1383 790 ἐκρί-

286 833 374 874 νοντο
407 833 470 892 παρ
511 831 601 890 ημων
629 809 793 886 odoacro,
826 803 870 880 αῖς
901 807 955 868 καί
976 804 994 866 δ
1018 801 1128 888 καιρὸς
1151 801 1259 883 ἔδειξε.
1300 807 1383 880 τέλος
1393 823 1411 883 5

198 927 201 933 ’
288 909 464 992 ἐστήσαμεν
493 907 546 971 ἵνα
576 904 630 970 διά
666 905 777 980 νυκτός
806 908 993 986 βαδίσαντες
1023 903 1206 989 εδρεθῶμεν
1228 907 1274 978 εἰς
1291 901 1385 970 τόπον

287 1013 418 1092 πλησίον
446 1011 509 1070 τῶν
543 1006 641 1089 ὁρίων
673 1007 737 1069 τοῖν
757 1005 937 1088 Πατρηναῖν
956 991 1167 1084 α’μπελαλνων,
1192 1001 1384 1083 καλοόμενον

286 1112 331 1183 τίς
352 1107 410 1182 τάς
427 1116 511 1190 τρεῖς
533 1107 713 1188 ἐκκλησίας,
737 1107 774 1170 αἳ
799 1097 975 1168 παλαιόθεν
997 1097 1092 1185 ἦσαν·
1143 1105 1243 1165 ἐκεῖσε
1276 1104 1312 1165 δὲ
1332 1103 1385 1164 εδ-

286 1209 409 1290 ρεθῶσι
430 1205 485 1269 καί
508 1202 539 1268 οἱ
559 1197 744 1288 άνθρωποι,
774 1205 828 1268 καί
849 1199 1015 1285 δηλιόσωσι
1039 1200 1250 1276 πλατόναντες
1269 1198 1309 1264 τά
1331 1200 1384 1267 διά

286 1310 436 1391 γραφῆς,
468 1306 524 1368 καί
552 1306 583 1368 εἰ
607 1307 667 1383 μὲν
697 1297 781 1386 η’σαν
809 1297 952 1381 δυνατά,
981 1304 1194 1386 ἐνεργηθῶσι,
1221 1303 1252 1365 εἰ
1279 1305 1307 1365 δ’
1329 1293 1435 1382 οό,ιο

288 1405 479 1486 (ἐπέλθωμεν
502 1407 651 1490 φανεραῖς
672 1403 857 1467 ἀποκλεῖσαι
880 1400 915 1466 τό
937 1402 1083 1484 κάστρον,
1105 1400 1160 1463 καί
1177 1401 1220 1477 σός
1241 1404 1324 1488 φέρη
1347 1399 1384 1466 τό

289 1510 396 1592 φέρον.
437 1505 493 1566 καί
513 1503 583 1567 ίδοδ
607 1503 794 1585 ἐγράψαμεν
815 1499 1043 1584 προστάγματα
1064 1499 1142 1584 πρὸς
1173 1497 1293 1577 πάντας
1311 1497 1387 1574 τοός

288 1608 324 1670 ὲν
343 1607 382 1690 τῇ
395 1605 531 1688 περιοχῇ
550 1604 606 1684 τῆς
622 1596 757 1683 Ἰθαόμης
779 1601 834 1664 καί
849 1598 1044 1683 Ἀνδροόσης
1056 1603 1090 1664 ἐν
1104 1603 1148 1686 τῷ
1169 1599 1387 1687 Μεσσηνιακῷ

287 1701 393 1790 κόλπῳ
417 1705 472 1765 καί
489 1703 551 1765 τοῖν
574 1697 638 1764 ἔσω
659 1699 715 1763 καί
729 1693 789 1779 ἐξω
812 1702 926 1782 ζυγοδν,
950 1697 1001 1762 ἵνα
1023 1702 1062 1788 τῇ
1080 1697 1189 1786 προότη
1210 1701 1387 1782 105an-

287 1802 357 1866 τίου
385 1799 483 1884 μηνός
510 1802 567 1865 τοῦ
595 1799 698 1864 odessi
729 1797 822 1874 ἔτους
852 1797 971 1864 ἔλθωσι
1003 1796 1085 1879 μετά
1118 1793 1223 1862 dirius·
1251 1799 1308 1860 καί
1324 1799 1434 1865 τῶντὸ

289 1898 441 1965 πλειόνων
465 1895 643 1985 ἀνθρώπων
664 1901 721 1983 τῆς
745 1899 848 1983 α’ρχῆς
869 1893 938 1972 ἑνός
959 1893 1093 1962 ἑκάστου
1115 1897 1234 1977 adnuis,
1256 1896 1313 1962 καί
1332 1894 1385 1960 οδ-

288 2024 352 2076 τως
372 2002 526 2075 τακτικοῖς
549 2003 685 2063 διελθεῖν
705 1997 760 2063 τόν
779 1996 876 2062 τόπον
891 2001 947 2062 τοῦ
967 2001 1146 2081 πριγκίπου,
1168 1995 1224 2060 καί
1244 1999 1388 2080 δεχθεόσι

289 2103 345 2163 καί
363 2096 631 2182 συναπαντὴσωσι
662 2095 716 2162 τόν
743 2096 814 2162 νέον
844 2097 1002 2180 αὐθέντην
1029 2095 1252 2180 εἰσερχόμενον
1280 2099 1315 2162 ἐν
1344 2097 1389 2186 rs

289 2199 507 2284 Μεσοηνιακῷ
528 2195 632 2282 κόλπῳ
652 2201 708 2260 καί
722 2199 836 2278 ζυγοῖς.
880 2191 996 2274 ὁμοίως
1015 2196 1159 2281 ἐμηνύθη
1181 2199 1236 2258 καί
1254 2200 1300 2282 τῷ
1313 2205 1388 2264 Λα-

289 2295 400 2382 σκάρει
420 2296 549 2384 Ἀλεξίρι
573 2301 618 2383 τῷ
639 2298 673 2358 ἐκ
687 2298 872 2379 Βοστίτζης.
895 2293 1039 2371 ἐλθόντες
1061 2289 1122 2360 oris.
1139 2294 1328 2380 ἐκινήθημεν
1348 2297 1435 2368 orion

290 2395 345 2466 διά
366 2399 423 2479 τῆς
444 2392 522 2463 όδοῦ
541 2397 599 2480 τῆς
620 2394 698 2481 πρός
719 2394 775 2481 την
791 2386 928 2478 Ἄσσον,
963 2392 1043 2461 α’λλοὶ
1067 2393 1121 2459 διά
1139 2397 1198 2480 τῆς
1214 2397 1247 2473 ἐξ
1267 2393 1388 2461 εὐωνό-

368 2590 390 2624 τ.
408 2570 608 2645 εὑρισκόμενος
624 2575 644 2626 1>
743 2590 769 2624 a.
786 2566 860 2643 πρός
879 2569 929 2634 οὓς
947 2576 1099 2645 συνέτυχον
1114 2574 1152 2644 spi
1168 2570 1301 2647 Παδιδεη
1310 2612 1319 2639 ,
1339 2578 1389 2630 καλ

364 2641 549 2715 ἀντέγραψαν
564 2644 594 2694 Μ
670 2662 694 2712 7.
712 2650 844 2717 πατρίων
864 2641 999 2717 ἀμπέλων
1015 2647 1033 2697 P
1126 2662 1162 2697 ιο.
1180 2640 1215 2711 ἦν
1233 2644 1388 2707 δυνατόνΡ

369 2730 408 2765 τι.
425 2718 474 2769 καὶ
491 2712 701 2787 ἄποκλείσωμεν
720 2717 739 2769 P
810 2731 853 2769 aa.
869 2720 916 2783 τῆς
931 2722 998 2787 περὶ
1015 2712 1140 2787 (nepoti)
1159 2710 1209 2771 τόν
1228 2707 1352 2788 dipsade
1367 2718 1386 2769 P

292 2868 421 2926 Lascsris,
438 2868 512 2920 iuter
525 2884 650 2938 proceres
662 2868 737 2921 illios
755 2868 851 2921 domus
868 2870 1003 2939 princeps,
1023 2870 1056 2921 ed
1077 2868 1281 2939 gubernandam
1297 2870 1386 2923 Boeti-

292 2947 362 2989 tzarn
373 2940 482 2995 relictus
494 2947 536 2991 est
553 2940 648 3008 ibique
664 2941 802 2993 remansit.
823 2942 853 2992 in
862 2942 933 2993 viam
942 2942 1024 3009 igitur
1038 2958 1067 2993 ss
1078 2940 1164 3005 dedit,
1179 2948 1210 2993 ut
1220 2942 1385 3009 significavi,

292 3010 487 3061 Constantinus
504 3010 627 3078 despota,
646 3008 771 3062 dominus
789 3028 874 3075 meus,
894 3028 997 3063 mecum
1012 3012 1070 3062 solo
1088 3013 1116 3062 in
1132 3028 1160 3063 re
1170 3012 1292 3064 Patrensi
1307 3012 1386 3063 adiu·

291 3087 352 3131 tore
363 3098 370 3144 3
384 3097 525 3151 quumque
535 3081 698 3132 Giarentzae
708 3098 834 3145 essemus,
844 3082 955 3135 Pedinte
969 3085 1068 3139 nuntio
1080 3084 1128 3145 usi,
1139 3098 1219 3151 saepe
1231 3084 1386 3155 scripsimus

291 3151 326 3201 ad
337 3153 476 3204 Patrenses
494 3152 530 3203 de
549 3152 591 3215 iis,
614 3168 756 3221 quaecum
771 3152 884 3205 Pediate
897 3162 1008 3223 egerunt
1024 3154 1285 3223 constituantque,
1302 3162 1385 3224 utque

291 3222 334 3273 ilii
357 3240 438 3291 saepe
461 3222 541 3274 nobis
571 3224 779 3293 rescripserunt:
811 3240 882 3294 quoe
909 3234 1001 3276 tamen
1027 3223 1213 3276 iudicabamus
1242 3224 1302 3275 fieri
1331 3242 1388 3285 non

291 3308 390 3361 posse:
419 3294 449 3345 id
476 3297 551 3363 quod
573 3303 681 3364 tempus
703 3294 836 3364 probavit.
855 3296 963 3347 tundens
993 3296 1198 3359 constituimus,
1224 3303 1256 3347 ut
1273 3304 1385 3349 noctur-

214 3402 220 3425 ,
290 3379 328 3413 no
348 3363 446 3415 itinere
464 3364 493 3415 iu
510 3365 600 3416 iocum
614 3366 899 3417 finibusPatrensium
922 3366 1074 3418 vinetorum
1099 3366 1216 3417 vicinum
1244 3383 1295 3418 nos
1322 3382 1387 3419 con·

292 3433 439 3497 ferremus,
456 3451 472 3484 s
489 3435 577 3485 tribus
596 3437 717 3487 ecclesiis
733 3446 928 3505 nuncupatum,
949 3455 1019 3507 quae
1038 3454 1069 3488 ετ
1086 3438 1168 3504 longo
1179 3435 1244 3491 iude
1263 3445 1387 3507 tempore

291 3504 331 3553 ibi
350 3512 441 3555 erant:
458 3504 555 3557 eodem
572 3505 616 3557 illi
640 3524 669 3558 se
689 3508 858 3570 conferrent,
878 3517 906 3559 et
923 3526 993 3577 quse
1011 3508 1190 3577 scripsissent,
1207 3506 1318 3577 plenius
1339 3526 1388 3561 co-

291 3591 347 3625 ram
366 3584 552 3643 exponerent,
581 3584 662 3647 atque
680 3594 712 3629 ea
739 3580 763 3629 si
783 3577 894 3647 quidem
918 3587 1008 3630 essent
1033 3579 1180 3642 eiusmodi,
1199 3587 1230 3630 ut
1247 3579 1306 3629 fieri
1322 3596 1389 3648 pos-

291 3653 365 3708 sent,
384 3646 496 3697 fierent:
516 3647 559 3697 siu
572 3647 679 3712 miuus,
703 3656 798 3717 aperte
817 3649 851 3699 nd
871 3650 966 3718 oppidi
991 3648 1163 3701 obsidionem
1182 3648 1392 3719 aggrederemur,

292 3724 321 3766 et
338 3717 556 3784 permitteremus
581 3734 636 3769 rem
660 3730 779 3770 nostram
803 3720 936 3771 fortunae.
966 3720 1031 3771 item
1060 3720 1093 3771 ad
1112 3736 1204 3772 omnes
1223 3722 1252 3770 iu
1272 3721 1389 3772 circuitu

290 3784 410 3838 lthomes
428 3786 612 3860 etAndrusae,
631 3788 666 3839 ad
680 3792 769 3841 siuum
780 3790 973 3842 Messeniscurn
991 3800 1019 3842 et
1036 3791 1107 3843 intra
1124 3790 1169 3842 vel
1182 3799 1256 3845 extra
1271 3798 1390 3843 tractum

290 3856 369 3907 ilium
382 3857 545 3921 habitantes,
557 3859 719 3927 scripsimus,
731 3870 763 3913 ut
774 3860 893 3913 calendis
903 3862 1008 3914 Martiis
1018 3860 1139 3919 eiusdem
1151 3862 1216 3913 anni
1228 3878 1287 3913 curn
1299 3863 1389 3925 armis,

274 3944 426 3997 -rnanuque
439 3930 553 3981 militari
569 3946 626 3981 non
643 3932 738 3999 exigua
754 3931 867 3983 ditionis
893 3948 957 3983 sune
987 3932 1106 4001 quilibet
1132 3932 1276 3997 adessent,
1299 3942 1328 3984 et
1350 3934 1389 3987 ita

291 3997 416 4050 instructi
447 4000 514 4052 fines
543 4002 672 4069 principis
701 4004 863 4065 transirent,
891 4012 1118 4072 occurrerentque
1149 4018 1221 4055 novo
1249 4003 1387 4073 principi,

291 4084 384 4119 versus
401 4070 489 4121 sinum
509 4072 706 4123 Messeniscum
733 4080 762 4124 et
784 4074 860 4124 iilum
893 4083 1007 4125 tractum
1037 4072 1206 4143 procedenti.
1240 4072 1313 4125 idom
1332 4074 1386 4125 no·

292 4140 394 4200 stitzam
416 4142 512 4201 Alexio
533 4142 637 4205 bascari
658 4144 812 4203 nuntiatum
826 4154 874 4197 est.
911 4160 960 4197 uos
976 4146 1044 4207 viam
1063 4162 1118 4199 non
1133 4160 1201 4211 earn,
1220 4160 1291 4216 quiae
1311 4153 1388 4210 trans
