3042 4900
291 250 376 335 216
609 275 781 341 ououorr
811 272 1052 339 paulurum

288 421 342 491 ότι
361 428 443 503 τινές
470 427 505 491 ἐκ
526 427 581 509 τῆς
599 425 735 506 Ἰβηρίας
754 420 966 506 ἐληλόθασιν,
991 420 1089 492 ἐάσας
1110 414 1146 482 τό
1168 413 1321 501 συάγρων
1341 418 1375 487 ἐν

288 534 356 602 τοῖς
387 525 572 608 α’νακτόροις
594 517 672 607 η’λθε
702 521 785 603 μετὰ
810 523 926 605 χαρᾶς.
963 506 1042 605 ἐνῷ
1075 514 1114 599 δη
1141 518 1241 603 καιρῷ
1269 512 1375 602 ἔφθα-

287 648 349 689 σαν
380 621 410 687 οἱ
437 622 687 706 χαρτοκομισταί
696 668 706 703 ,
736 622 776 705 τῇ
804 617 850 703 κη’
878 620 938 682 τοῦ·
961 618 1089 695 Μαΐου,
1119 616 1156 701 τῇ
1174 615 1256 701 αότῇ
1288 618 1377 681 νυκτέ

286 722 461 786 όπνοόττοον
486 716 591 805 ἐφόνη
610 743 665 799 μοι
694 721 759 783 ear?
791 710 869 800 όναρ
894 709 943 779 ότι
976 713 1032 777 καί
1056 710 1116 795 ἐγώ
1139 714 1184 787 εἷς
1203 710 1261 797 τὴν
1281 718 1376 779 Κονν-

287 815 710 902 σταντινοόπολινέφθασα,
741 818 798 879 καί
817 808 1036 897 προσαπεόσας
1062 815 1106 899 τῷ
1125 815 1256 893 βασιλεῖ
1270 812 1404 881 ἅσσα-5

287 919 411 1003 σθῆναί
425 940 467 998 με
493 915 568 991 τοός
597 918 699 990 πόδας
728 916 828 979 ου’τοῦ
850 913 906 977 oriar
930 909 1018 976 εἴασέ
1036 934 1091 991 με,
1126 911 1195 973 ἀλλ’
1215 909 1375 991 ἐπιλαβόν

288 1018 439 1100 ἐνέστησέ
464 1039 506 1097 με
539 1012 596 1079 καέ
621 1015 810 1099 κατεφιληοέ
836 1032 899 1093 μου
927 1008 1002 1085 roric
1028 1004 1227 1095 όφθαλμοός.
1278 1006 1376 1093 ἔγωγε

287 1112 420 1193 ἔξυπνος
438 1111 603 1196 γενόμενος
618 1107 707 1177 εἷπον
726 1108 882 1194 τοῖςπερὶ
901 1112 958 1191 ἐμὲ
969 1104 1106 1173 όπνσόσι
1127 1104 1161 1174 τό
1184 1104 1301 1191 δραμα,
1322 1112 1379 1175 καί

289 1208 376 1289 ὅπως
396 1215 453 1296 τῆς
471 1212 593 1297 ἡμέρας
619 1205 871 1294 μνημονεύσουσι.
926 1204 1004 1273 ἐδοόν
1022 1200 1081 1272 οόν
1101 1206 1119 1271 ό
1140 1208 1294 1291 αδθέντης
1311 1230 1378 1290 μου

292 1315 348 1376 καί
365 1307 517 1393 βασιλεός
543 1307 588 1393 μὴ
618 1312 724 1375 ἐλθεῖν
744 1332 785 1390 με
814 1303 882 1375 ἀλλ’
904 1308 939 1371 ἐκ
963 1311 1025 1371 τῶν
1045 1305 1107 1371 σόν
1126 1307 1216 1387 ἐμοί,
1245 1305 1300 1373 καὶ
1317 1304 1378 1391 τὴν
1392 1340 1431 1381 10

292 1410 421 1495 προότην
441 1406 571 1494 γραφὴν
591 1405 777 1492 ἀναγνώσας
805 1409 976 1491 περιλυπος
996 1405 1113 1489 ἐγένετο
1134 1402 1188 1469 καὶ
1205 1402 1381 1492 ἐδυσφόρει

291 1510 475 1593 κατηγορῶν
494 1506 554 1591 τὴν
574 1503 655 1589 ἐμην
674 1507 874 1591 βραδότητα·
922 1500 966 1581 σός
986 1504 1021 1569 δέ
1043 1503 1100 1587 την
1122 1500 1233 1588 ἑτέραν
1251 1501 1382 1590 γραφήν

291 1607 348 1673 ἐπὶ
374 1605 432 1691 την
458 1600 572 1691 αόριον
601 1608 738 1691 α’νέγνιι,
759 1610 825 1671 ,κατ’
843 1603 959 1687 μαθόν
978 1609 1105 1686 μέλλειν
1124 1607 1228 1669 ἐλθεῖν
1246 1602 1301 1668 διὰ
1322 1608 1383 1687 τῆς

291 1708 439 1791 γραφῆς,
469 1703 540 1771 ι’δοό
569 1705 709 1790 ἠρκέσθη
735 1704 791 1769 κατ’
808 1703 932 1787 χαρίεις
953 1706 1151 1784 ἐναπέμεινε·
1206 1706 1262 1767 eorl
1280 1702 1383 1779 εδθός

293 1800 498 1889 οἰκονομήσας
519 1802 679 1888 Marruuii
708 1801 764 1868 τόν
785 1799 1007 1883 Παλειολόγον
1034 1800 1088 1867 τόν
1110 1804 1168 1885 τῆς
1191 1806 1381 1867 Καντακου-
1394 1806 1431 1873 15
1451 1796 1461 1875 ’,

293 1906 390 1989 ζηνῆς
418 1905 475 1986 τῆς
505 1904 837 1988 πρωτοστρατορώσης
867 1901 1021 1981 α’νεψιόν,
1045 1902 1258 1976 ἐξαπέστειλεν
1281 1900 1382 1965 αότόν

290 2001 375 2085 πρός
397 2000 452 2068 τόν
480 2006 536 2085 τῆς
560 2006 693 2086 Σερβιάς
724 2000 900 2084 δεσπότην,
921 1998 973 2064 ἳνα
991 1996 1143 2087 δοκιμόση
1159 2002 1214 2063 καί
1232 1996 1284 2087 ἴδη
1305 1997 1384 2082 περὶ

293 2094 335 2165 οὗ
356 2104 389 2165 ἐν
409 2105 450 2186 τῇ
472 2101 533 2185 ἐμῇ
552 2102 699 2185 ἐπιστολῇ
725 2103 871 2184 γέγραφα
899 2097 1107 2163 συνυικισέου.
1149 2101 1205 2163 καί
1222 2100 1383 2163 α’κοόσαν.

292 2224 347 2279 τες
365 2197 395 2263 oi
413 2206 515 2283 γονεῖς
538 2196 638 2281 oriri,-
667 2198 768 2281 ἦδέοος
799 2196 854 2261 καί
874 2198 1018 2276 αόμένοος
1038 2195 1094 2261 τόν
1113 2196 1205 2279 λόγον
1224 2199 1383 2279 ἐδέξαντο,

295 2296 350 2363 καέ
367 2295 502 2378 ἐτοιμοις
517 2291 604 2379 εἶχον
619 2298 820 2381 ἐκπληρῶσαι
851 2296 906 2360 καί
923 2294 958 2359 τό
982 2294 1082 2381 ἔργον.
1125 2288 1221 2361 ἄλλον
1240 2296 1299 2381 γὰρ
1324 2296 1432 2367 οόκπο

296 2397 434 2464 ἐκιόλυσε
454 2393 491 2461 τό
514 2399 655 2462 τοιοῦτον
678 2398 872 2462 συνοικέσιον
891 2396 923 2460 εἰ
940 2394 984 2480 μη
1006 2390 1090 2480 ότιῆ
1113 2393 1275 2480 α’μηρισσα
1292 2395 1384 2480 ἐδεή-

296 2501 341 2579 θη
362 2498 422 2559 τοῦ
453 2496 534 2558 θεοῦ
554 2497 711 2579 ου’χομένη
743 2493 865 2573 τόξασα
897 2490 946 2558 ἐτι
975 2495 1088 2573 ζῶντος
1116 2496 1173 2560 τοό
1191 2496 1302 2579 α’μηρόί
1330 2495 1388 2560 καὶ

298 2593 416 2678 σ’νδρός
436 2591 542 2678 αότῆς,
562 2595 593 2659 εἰ
610 2593 627 2659 ό
647 2592 724 2670 θεός
746 2595 802 2682 οἵην
823 2593 862 2677 δὴ
883 2615 958 2657 ποτε
977 2591 1083 2681 τρόπφ
1104 2589 1303 2680 ἐλευθερώσῃ
1325 2595 1385 2657 oui·

297 2691 354 2777 την
382 2693 418 2758 ἐκ
450 2692 510 2768 τός
536 2696 598 2758 τοῖν
618 2695 742 2776 α’σεβῶν
769 2699 896 2778 χεῖρας,
927 2689 1024 2781 ἑτέρῳ
1046 2693 1142 2778 οἶνδρί
1159 2695 1270 2779 μηκέτι
1288 2695 1324 2758 ἐν
1344 2695 1387 2781 τῇ

360 2895 395 2948 ’3.
414 2897 700 2966 γραμματοκομισταλ
716 2893 746 2946 Μ
834 2893 858 2962 4.
878 2897 936 2946 κατ’
957 2890 1030 2966 δναρ
1048 2893 1130 2946 oral‘
1220 2891 1260 2945 1³.
1278 2886 1386 2965 μαδόν

370 2965 463 3022 ἐλθεῖν
478 2981 515 3037 με
530 2965 669 3037 μόλλονΡ
762 2969 803 3022 ιδ.
821 2968 980 3036 γέγραπται
999 2963 1018 3016 Ρ

299 3143 373 3195 aiere
392 3143 523 3214 quoadam
544 3159 578 3196 ex
593 3143 694 3205 Iberia,
712 3144 805 3196 relicta
822 3143 974 3208 venatione,
993 3141 1174 3196 laetabundus
1191 3133 1324 3213 palatium
1334 3160 1386 3214 pe-

300 3215 353 3265 tiit.
383 3231 438 3282 quo
454 3222 576 3283 tempore
603 3213 738 3266 tabellarii
764 3213 946 3276 advenerunt,
974 3213 1020 3266 die
1045 3217 1078 3267 28
1096 3215 1171 3276 Maii,
1189 3213 1284 3266 eadem
1303 3223 1386 3268 noete

303 3300 353 3352 per
370 3299 492 3335 romaum
509 3286 581 3336 riaua
602 3283 670 3336 mihi
689 3301 746 3336 eum
764 3293 792 3336 at
815 3285 873 3352 ipee
892 3283 985 3336 adesse
1004 3285 1095 3354 cpoli,
1114 3301 1251 3355 quumque
1270 3285 1385 3337 leelina-

301 3369 357 3404 rem
373 3353 409 3403 ad
427 3355 622 3422 imperatorem,
639 3370 727 3423 genua
749 3355 807 3405 eiua
824 3355 1002 3423 amplexurua,
1034 3355 1144 3407 retineri
1164 3356 1198 3407 ab
1219 3371 1252 3406 eo
1273 3365 1302 3409 et
1317 3356 1385 3406 aub-

300 3423 386 3474 lerari
405 3431 434 3473 et
452 3423 544 3474 osculo
561 3425 680 3476 relutari.
699 3423 910 3494 expergefactae,
928 3427 976 3488 iia,
994 3425 1041 3495 qui
1055 3426 1124 3476 circa
1140 3443 1184 3478 me
1205 3425 1387 3488 dormiebant,

300 3493 434 3544 euronium
447 3495 560 3556 narravi,
573 3503 655 3566 atque
668 3495 733 3557 dixi,
745 3502 775 3546 al
786 3495 840 3546 diei
853 3497 1045 3548 morniniseeat.
1059 3497 1205 3565 imperator
1222 3505 1318 3558 aulem,
1333 3495 1388 3548 do-

299 3565 390 3615 minor
399 3579 484 3624 meua,
495 3561 541 3613 ubi
556 3581 613 3616 aon
625 3567 713 3635 iprum
727 3581 779 3626 me,
791 3564 839 3616 aod
851 3581 866 3616 e
878 3567 1020 3617 comitibus
1030 3566 1148 3636 aliquem
1161 3565 1254 3618 adelae
1264 3566 1390 3618 animod-

299 3636 389 3696 vertit,
403 3642 431 3684 et
446 3633 563 3702 priorem
572 3635 638 3702 legit
651 3637 803 3706 epistolem,
814 3644 932 3687 moeatur
942 3638 1037 3698 saulae,
1056 3637 1198 3706 aegoillera
1207 3654 1293 3689 meam
1304 3653 1388 3706 aegre

299 3705 368 3756 tulit
387 3703 523 3754 accuravit
543 3720 585 3754 ue.
605 3703 652 3755 ubi
670 3715 759 3758 autern
778 3706 888 3756 alteram
907 3706 951 3758 alie
970 3709 1096 3778 sequenti
1116 3707 1184 3776 legit
1200 3723 1297 3778 meque
1314 3725 1388 3759 ven-

300 3782 391 3825 tarum
411 3789 470 3825 erae
495 3771 524 3824 di
545 3774 605 3834 ἐλλ,
623 3777 760 3845 acquievit
783 3783 811 3827 et
829 3775 949 3828 laetitiae
975 3795 1004 3829 τε
1024 3777 1109 3840 dedit,
1136 3779 1279 3847 rarumque
1296 3793 1388 3830 rerum

301 3846 399 3898 notitia
417 3846 576 3896 instructum
590 3845 742 3907 manuelem
762 3847 967 3914 palaeologum,
984 3849 1186 3901 canucuzenae
1204 3857 1388 3918 proloatrato-

302 3914 384 3964 rireae
400 3913 606 3975 conrobriaum,
622 3914 657 3966 ad
679 3916 818 3986 deepolam
838 3917 944 3968 serviae
962 3917 1112 3986 ablegavit,
1143 3928 1174 3971 ut
1190 3919 1213 3969 ir
1234 3918 1268 3969 de
1288 3921 1388 3971 conia-

301 3983 356 4050 gio,
375 3983 409 4033 ale
437 4001 493 4053 qao
512 3985 677 4052 scripseram,
694 3987 847 4056 inquireret
868 3987 1028 4039 συνόδοισι.
1048 3998 1172 4058 parentes
1191 3990 1249 4041 elur
1269 3989 1391 4042 libenter

301 4060 330 4103 el
355 4052 452 4122 cupide
477 4053 663 4106 conditionem
689 4064 866 4126 acceperunt,
892 4067 920 4109 el
947 4057 982 4108 ad
1008 4074 1062 4109 rem
1089 4059 1278 4128 perficiendam
1298 4059 1388 4130 parali

302 4131 386 4176 eraut.
406 4121 483 4176 ualle
500 4125 571 4176 euim
588 4125 641 4176 alia
664 4141 706 4180 rer
725 4126 755 4178 id
778 4126 931 4197 coniugium
952 4127 1127 4199 impediebat,
1148 4129 1201 4183 aiei
1220 4128 1295 4201 quod
1311 4147 1387 4182 aare·
