3042 4900
494 288 570 352 ma
592 290 645 351 ιν.
676 286 766 353 caa.
786 290 852 353 xv.
1127 262 1213 380 387

118 434 247 525 σιλότση
266 406 366 501 ἔδωκε
382 436 549 520 τόχατενό
568 436 703 521 κόστρα,
727 434 843 523 όπερό
864 439 992 524 όμηρᾶς
1012 438 1046 507 όν
1067 446 1107 531 τῇ
1116 443 1217 509 Μυό-

119 561 180 625 σνρ
202 540 341 620 κέκτησο.
363 538 465 626 Μαΐῳ
486 539 522 602 δὲ
543 535 580 600 ιε’
601 540 660 604 τοῦ
677 538 780 603 αότοό
810 536 899 616 ἔτους
924 538 940 601 d
964 540 1092 627 α’μηρός
1110 570 1215 627 παρα·

118 639 245 721 γέγονεν
265 637 310 710 εἰς
328 632 388 721 τήν
401 636 654 720 Πελοπόννησον,
677 639 734 701 κατ’
751 638 799 712 εἷς
818 636 875 722 τήν
886 638 1050 724 Κόρινθον
1070 646 1216 707 καταλεί-

119 751 189 816 ψας
209 732 346 820 στρατόν
364 736 615 820 περεεκόκλωσεν
633 730 939 823 αότήνπολεορκόν·
984 738 1084 816 αότός
1104 744 1141 807 δὲ
1164 746 1218 809 dt-

90 833 192 911 530312
209 838 245 899 όν
265 838 310 920 τῷ
326 836 415 924 μέση
434 838 492 901 τοῦ
509 833 609 901 τόπου
629 836 685 901 κατ’
702 834 807 903 πάντα
835 834 875 903 τό
898 836 999 905 ἐκεῖσε
1018 840 1056 906 τό
1079 845 1139 925 μὲν
1157 842 1219 930 η’χ·

119 936 311 1015 μαλοότευσσ
339 933 381 1000 τό
399 937 436 1000 δὲ
463 934 601 1021 η’φόνεσε
627 934 684 1001 καὶ
710 940 883 1021 ε’νέπρησε,
914 940 1081 1019 ἐξαιρέτως
1102 942 1139 1005 δὲ
1160 941 1219 1026 τήν

112 1026 285 1117 Ἆκωβαν,
306 1031 361 1099 τόν
376 1029 487 1101 Ἀετόν
515 1038 572 1099 κατ’
588 1033 628 1099 τό
648 1038 873 1120 Πενταχυρόα.
916 1037 1064 1105 κάκεῖθεν
1081 1040 1246 1119 ἐξελθόνΒ

8 1204 15 1215 ,
121 1133 200 1198 κατό
223 1136 282 1199 τοῦ
303 1137 457 1217 Μοχλίου
477 1131 663 1221 ἐπέδραμεν,
693 1138 750 1201 κατ’
768 1134 788 1200 δ
808 1133 877 1201 τότε
897 1138 999 1204 ἐκεῖσε
1020 1138 1220 1223 ἡγεμονεύων

121 1230 239 1298 ἔδωκεν
260 1230 337 1298 αότό
357 1237 427 1315 μετ’
446 1233 573 1319 εἰρήνης
593 1236 639 1322 τῷ
658 1236 779 1324 α’μηρή,
803 1234 822 1299 ό
843 1223 1064 1321 καλοκαγαθός
1085 1237 1221 1325 Ἀσόνης

76 1360 114 1400 το
123 1330 317 1417 Δημήτριος.
365 1336 422 1398 καί
448 1358 490 1423 τῳ
509 1334 630 1423 Ἰουλίῳ
656 1335 736 1419 μηνὶ
754 1338 814 1402 τοῦ
841 1331 942 1402 αότσῦ
964 1334 1055 1414 ἔτους
1075 1342 1223 1407 κάκεῖθεν
1287 1362 1289 1370 “

122 1432 220 1496 πόλιν
239 1434 437 1519 ἐπιστρέψας
458 1433 476 1496 ό
496 1434 625 1518 α’μηρᾶς
652 1438 699 1511 εἰς
718 1435 884 1520 Κόρινθον
903 1434 1024 1521 ἔπεσεν,
1046 1436 1086 1523 ἢν
1106 1437 1145 1525 δή
1168 1442 1226 1521 καὶ

124 1532 302 1596 δεδώκασιν
333 1534 422 1621 ου’τηλ
444 1530 474 1598 oi
502 1540 641 1615 ymarus
659 1527 814 1618 ἄρχοντες
833 1527 909 1601 ἄνευ
932 1536 1112 1621 όντιλσγιας
1131 1536 1224 1621 τινός,

22 1673 27 1686 ι
124 1631 302 1717 δἈσόνης
320 1634 498 1707 Μουσαῖος
520 1633 616 1714 λέγω,
645 1630 663 1699 ό
693 1632 948 1721 γυναικόδελφος
976 1640 1036 1702 τοό
1068 1638 1225 1705 δεσπότου

122 1730 186 1815 κόρ
199 1733 398 1816 Δημητρίου,
421 1729 493 1807 υἱός
515 1734 551 1795 δὲ
564 1730 704 1797 Παύλου
726 1734 787 1797 τοῦ
804 1732 934 1819 Ἆσόνη,
955 1736 990 1801 τό
1013 1736 1151 1805 παλαιόν
1170 1740 1229 1805 καὶ

77 1836 196 1901 ιὸνὲον
226 1831 341 1912 κακόν,
366 1826 460 1895 naid
490 1827 661 1915 Λουκόνης
683 1834 879 1917 Νικηφόρος.
932 1838 1038 1917 μέμονε
1064 1839 1101 1900 δὲ
1127 1842 1226 1901 τοῦτο

125 1936 161 1996 ἐν
188 1928 267 2015 μηνὶ
280 1926 457 2019 Αόγοόστην
474 1934 515 2019 τῇ
536 1928 575 2005 ς’.
614 1923 662 1995 οἷν
689 1930 709 1995 ό
732 1936 793 2013 μὲν
813 1926 859 2008 εἷς
879 1930 1065 2015 ἡγεμόνευεν
1083 1936 1118 1999 ἐν
1137 1934 1227 2023 αὐτῇ,

125 2030 171 2106 τός
193 2030 239 2114 μή
263 2022 396 2116 ὄφελεν,
421 2030 440 2093 ό
461 2033 497 2096 δὲ
513 2027 651 2116 Ἀσόνης
671 2024 712 2115 ήν
740 2032 976 2114 α’πεσταλμὲνος
995 2036 1118 2123 σπουδῇ
1137 2034 1226 2121 παρὰ

125 2135 187 2199 τοῦ
208 2128 360 2195 δεσπότου
380 2132 417 2195 όν
433 2132 524 2218 ου’τή,
539 2126 628 2207 ’ὅπως
646 2134 866 2216 χρηστοτέρας
888 2132 1014 2221 φυλάξῃ
1032 2132 1091 2219 τήν
1113 2133 1226 2199 πόλιν·

71 2226 79 2242 “
125 2234 269 2306 κόκεϊνσς
294 2231 331 2296 δὲ
346 2233 593 2315 συντομωτέρως
612 2232 799 2316 παρέδωκεν
818 2230 930 2315 ου’τήν.
982 2231 1039 2297 καὶ
1058 2234 1116 2299 ndu
1137 2232 1227 2299 οἴδα·

76 2354 178 2397 υοσιν
201 2325 251 2395 ότι
279 2330 311 2395 εἰ
328 2328 385 2394 κατ’
414 2327 472 2413 τήν
500 2326 668 2412 Κόρινθον
694 2326 839 2410 ἔδωσαν,
871 2328 967 2414 δήλόν
996 2334 1065 2397 ἐστι
1088 2330 1167 2397 κατὰ
1186 2317 1252 2397 τοὶΔ

123 2434 301 2516 πράγματα
329 2424 381 2496 ότι
409 2425 517 2516 εόσπερ
547 2427 671 2516 κεφαλή
693 2432 729 2496 ε’ν
748 2434 791 2519 τῷ
812 2426 955 2514 σώματι,
977 2428 1227 2516 τοιουτοτρόπως

124 2536 183 2597 κατ’
201 2532 236 2596 όν
255 2533 297 2618 τή
316 2525 550 2617 Πελοποννήσῳ
577 2525 636 2615 ήδε
664 2525 686 2614 ή
712 2527 805 2605 πόλις
824 2524 900 2612 εἶχε.
942 2530 1028 2613 τόχα
1048 2536 1105 2597 καί
1125 2530 1228 2617 όρκω-

123 2633 238 2714 μοτεκό
262 2630 387 2716 εἰρήνης
410 2628 602 2714 πεποιήκασι
619 2625 699 2711 μετὰ
728 2628 961 2713 καταστάσεως,
983 2625 1035 2695 ότι
1054 2629 1148 2697 καίό
1173 2633 1226 2696 δε-

203 2833 224 2867 ι.
242 2810 279 2868 τό
294 2807 399 2885 χοτινό
415 2813 561 2886 κόστραΡ
619 2815 793 2938 senonici>
864 2831 890 2888 ρ.
910 2817 1126 2892 πεντεχελρεαλ)
1195 2819 1221 2872 8.

195 2883 395 2960 ἈμυκλλουΡ
483 2901 526 2937 aa.
545 2887 603 2955 ἔχει

128 3048 257 3104 torobum
277 3056 307 3102 et
323 3049 413 3101 locum
431 3048 526 3100 alium.
563 3047 674 3116 reginae
691 3047 804 3099 castella
824 3046 956 3117 quaedam
975 3047 1039 3100 data
1059 3055 1131 3110 suut,
1150 3063 1222 3120 quas

125 3137 232 3174 amerss
249 3119 280 3173 in
297 3123 385 3172 Bosua
403 3117 532 3171 habehat.
568 3116 699 3170 Matidia
722 3119 750 3168 15
772 3117 894 3171 eiusdem
913 3119 978 3171 anui
1001 3135 1103 3170 amerus
1122 3119 1153 3170 in
1171 3119 1223 3171 Ps-

126 3195 308 3264 loponussnm
324 3192 413 3255 veuit,
438 3197 468 3242 et
484 3188 661 3252 Corinthum,
689 3189 811 3241 exercitu
838 3189 941 3252 relicto,
958 3189 1111 3258 oppugnari
1133 3189 1221 3254 iussit,

125 3256 1223 3401 {tiitftt‘i‘tiiittiiiii,itit?‘ituiitisstzi‘iii

125 3406 193 3459 iude
211 3369 698 3476 progressusMochlium'inenrssvit,
717 3417 799 3472 quam
818 3367 912 3453 ur’bem
924 3401 1036 3471 pacifice
1049 3402 1092 3454 iili
1110 3399 1223 3456 tradidit

126 3479 186 3530 eius
203 3485 260 3529 tum
278 3476 430 3547 praefactus
449 3473 732 3545 optimusDemetrius
748 3472 860 3524 Asanea.
896 3473 968 3524 iulio
984 3489 1078 3526 mense
1094 3473 1159 3526 inde
1179 3491 1224 3528 rs·

124 3565 220 3603 versus
237 3547 397 3600 Corinthum
415 3545 525 3598 adortus
545 3551 595 3606 est,
611 3559 691 3614 quam
705 3543 781 3595 hand
796 3547 954 3596 cunctanter
973 3545 998 3595 ei
1018 3543 1153 3598 dederunt
1171 3543 1223 3598 du·

126 3638 172 3673 ces
192 3620 349 3682 fortissimi,
367 3616 522 3671 Matthaeus
541 3615 658 3678 Assues,
686 3614 772 3666 iratas
798 3615 888 3666 uxoris
912 3615 1045 3668 Demetrii
1073 3615 1221 3687 despoton,

126 3691 200 3743 iilius
217 3690 296 3742 Pauli
314 3689 418 3751 hsauis,
436 3687 510 3757 quod
534 3696 612 3738 vesus
632 3693 660 3738 et
678 3701 772 3739 recens
796 3684 898 3736 maium
915 3687 984 3752 suit,
1005 3695 1034 3740 et
1049 3685 1222 3757 Nicephorns

125 3765 259 3826 Lucanes,
277 3761 377 3812 mensis
393 3759 509 3826 Augusti
528 3757 574 3808 die
592 3766 686 3819 sexto,
703 3771 820 3825 quorum
840 3757 911 3808 alter
928 3759 1034 3811 utinam
1051 3774 1087 3809 ns
1106 3757 1222 3809 admini-

125 3841 239 3887 strasset
258 3831 368 3892 urbem,
392 3845 474 3899 quam
497 3827 718 3891 administrabat,
738 3826 821 3890 alter,
847 3829 966 3892 Asaues,
989 3827 1081 3880 dedita
1101 3843 1185 3898 opera
1204 3844 1221 3878 a

126 3905 243 3975 despota
256 3904 353 3956 missus
370 3899 406 3950 ad
432 3899 591 3968 diligentias
619 3913 678 3950 eam
696 3897 843 3960 tuendam,
861 3901 942 3950 etiam
962 3900 1039 3951 citius
1058 3915 1117 3950 eam
1137 3898 1221 3952 tradi-

126 3977 179 4028 dit.
196 3975 267 4027 adeo
287 3970 457 4030 nesciebant,
473 3987 556 4040 quum
575 3969 735 4022 Corinthum
765 3968 916 4034 traderent,
934 3971 1028 4023 urbem
1049 3987 1077 4021 se
1094 3967 1221 4034 tradere,

126 4062 206 4118 quae,
224 4047 247 4098 si
265 4062 322 4097 rem
342 4041 483 4093 aestimare
499 4042 579 4103 velis,
596 4042 625 4093 iu
646 4041 835 4110 Peloponneso
853 4040 883 4092 id
901 4051 980 4105 esset,
998 4040 1073 4110 quod
1089 4050 1173 4112 caput
1190 4043 1221 4095 in

126 4133 242 4189 corpore
260 4123 310 4169 est.
329 4129 392 4164 mox
410 4111 491 4162 etiam
509 4113 663 4181 pactionem
680 4127 741 4163 earn
759 4119 928 4164 sacramento
949 4113 1080 4176 iecerunt,
1096 4121 1128 4164 ut
1144 4109 1222 4166 Tho-

125 4205 183 4244 anas
200 4189 316 4261 despota
334 4185 439 4241 Petram
457 4199 518 4235 sum
535 4183 604 4237 loeis
622 4181 810 4237 adiacentibus
828 4181 963 4254 traderet5
981 4191 1122 4255 praeterea
1140 4181 1233 4237 Cala-'
