3042 4900
293 289 372 376 150
599 313 773 378 croucu
802 306 1047 378 rfluturztu

285 471 371 555 γρῶν
394 466 497 540 κακῶς
521 465 699 544 ἐδεξιοῦντο
722 463 823 546 ἡμᾶς,
844 463 916 526 αλλ’
935 460 1028 526 οὐδὲν
1046 457 1213 542 ἔβλαψαν·
1265 457 1294 534 oi
1314 457 1376 544 γάρ

285 569 345 633 τοῦ
362 565 595 650 μὴτροπολίτου
618 560 831 647 κρατήσαντες
851 558 887 624 τό
914 557 1090 646 φρούριον,
1120 557 1167 626 ἔτι
1194 558 1310 626 δὲκαὶ
1336 557 1375 624 τά

286 662 456 732 addensari
480 661 619 728 παλάτια
637 660 676 726 τά
693 661 824 746 πλησίον
838 657 937 726 orituri
957 659 1113 743 οἰκήματα
1133 658 1379 743 σιταρχὴσιινιες

284 768 340 830 καί
357 758 592 850 ἀφιερώσαντες
609 766 778 844 κατέσχον,
800 759 974 840 ἐλπίζοντες
999 754 1049 823 ότι
1071 761 1219 835 ἐλθόντος
1239 762 1295 824 τοῦ
1312 781 1375 842 μη.

283 865 466 948 τροπολίτου
501 858 557 925 διά
591 861 707 926 τοάτου
729 858 824 926 πάλιν
847 856 970 942 λάβωσι
999 857 1036 922 τό
1059 859 1266 942 πτολίεθρον,
1297 851 1402 942 ineps

283 967 339 1029 καί
358 959 510 1044 πρότερον
540 955 638 1044 εἶχον.
695 960 787 1046 ἡμῶν
814 961 850 1025 δὲ
870 961 924 1024 ἐπί
943 956 1000 1043 τὴν
1020 953 1132 1042 αὔριον
1152 963 1377 1041 συναχθέντων

196 1066 199 1074 '
283 1068 318 1128 ἐν
338 1065 383 1150 τρῖ
401 1064 462 1127 τοῦ
489 1059 581 1142 άγίου
602 1060 763 1125 Νικολάου
795 1061 879 1146 ναῷ,
910 1063 965 1125 καί
987 1057 1105 1136 παντὸς
1125 1061 1182 1124 τοῦ
1202 1063 1265 1124 τάν
1286 1065 1376 1122 πολι-

281 1166 344 1228 τάν
364 1160 492 1248 δήμου,
525 1154 654 1241 ὤμοσαν
681 1157 762 1242 μετά
794 1156 898 1244 άρκων
925 1161 966 1224 ἵν’
988 1153 1047 1224 αἷσι
1068 1157 1175 1224 πιστοί
1194 1160 1302 1228 δοῦλοι
1323 1160 1378 1222 καί

280 1258 484 1327 instanteset
504 1263 562 1323 τοῦ
583 1259 740 1326 αέόέντου
761 1255 851 1343 ἦμάν
871 1261 929 1323 τοῦ
959 1259 1129 1324 δεσπότου·
1171 1253 1241 1322 εἶτα
1262 1257 1375 1340 ἐζήτη-

169 1421 176 1435 ,
280 1387 340 1426 σαν
359 1359 441 1440 κάμὲ
460 1363 519 1422 τοῦ
548 1360 665 1443 κρίνειν
685 1359 719 1424 ἐν
740 1359 850 1433 αὐτοῖς
878 1358 934 1423 καί
953 1356 1086 1424 ι’θάνειν.
1126 1356 1200 1422 idi
1220 1357 1420 1440 αδθέντηςιο
1504 1347 1505 1400 i

279 1483 343 1543 μου
366 1458 555 1540 άπειιρίνατο
583 1459 682 1540 λέγων
709 1455 785 1522 “aad
814 1459 935 1538 μάλλον
955 1459 1046 1522 τοῦτο
1079 1456 1167 1545 adrui
1187 1453 1374 1542 ὀφείλομεν,

280 1557 336 1623 καί
352 1554 450 1640 χάριν
461 1559 516 1639 τῆς
536 1556 627 1636 ὑμῶν
641 1557 793 1639 αἰτήσεως
813 1554 921 1622 ἔσεται
933 1555 1032 1632 αδτδς
1053 1559 1098 1630 είς
1110 1554 1253 1642 κεφαλὴν
1267 1553 1376 1635 ipsiu-'⁸

280 1663 321 1746 τῇ
344 1657 380 1720 δέ
412 1653 509 1743 ὀγδόῃ
536 1659 594 1719 τοῦ
619 1656 721 1721 ariensi
742 1657 872 1721 Ἰουνίου
894 1654 995 1739 μηνός
1022 1659 1227 1739 διερχομένου
1248 1678 1312 1736 μου
1331 1655 1377 1728 είς

280 1751 492 1834 Ναύπακτον,
515 1753 567 1819 ἵνα
592 1751 668 1838 πρὸς
688 1753 743 1820 τὸν
763 1756 898 1836 βασιλέα
925 1759 1048 1836 πρῶτον
1069 1755 1199 1820 (iniibus
1220 1751 1377 1818 α’κουστόν

280 1857 414 1938 ποιῆσαι
434 1853 523 1942 adrui
549 1852 590 1920 τά
618 1855 653 1921 ἐν
672 1857 710 1942 τῇ
729 1854 848 1944 Πάτρρ
876 1851 1222 1940 παρακολουθήσαντα,
1243 1847 1299 1918 εἶτ’
1320 1851 1419 1920 α’πίὅ

281 1959 384 2022 ἐκεῖσε
405 1960 475 2035 μετ’
497 1948 650 2038 ἄρχοντος
670 1955 773 2020 αὐτοῦ
792 1954 873 2038 πρὸς
895 1953 948 2019 τόν
969 1955 1114 2038 α’μηράν,
1144 1950 1223 2020 κατά
1245 1951 1304 2036 τὴυ
1324 1973 1375 2017 τε·

280 2054 399 2138 τάρτην
423 2055 480 2116 τοῦ
504 2053 607 2118 αδτοδ
637 2051 739 2138 μηνός
770 2053 956 2140 φθάσαντες
987 2057 1153 2134 ἐμείναμεν
1181 2055 1216 2118 ἐν
1247 2054 1289 2138 τῷ
1318 2053 1376 2115 rori

280 2149 372 2234 άχίου
391 2151 543 2234 Ἀνδρίου
563 2153 638 2240 ναῷ.
682 2152 752 2218 ἰδοδ
774 2155 830 2217 καί
857 2155 915 2219 δάο
940 2155 1073 2236 Τοῦρκοι
1095 2148 1295 2235 διερχόμενοι
1318 2148 1375 2234 τὴν

279 2248 490 2334 Ναύπακτον,
512 2248 602 2331 ὃμὲν
622 2255 680 2316 τοῦ
698 2250 842 2337 άμηράό
866 2255 902 2316 δέ
922 2255 981 2317 τοῦ
1007 2249 1209 2338 Τουραχάνη,
1232 2273 1374 2334 προσαγ·

278 2355 437 2434 μέλλοντες
452 2353 487 2416 ἐν
506 2351 722 2434 προστάγματι
742 2353 795 2416 ἵνα
815 2351 861 2436 μὴ
885 2350 942 2438 τήν
962 2354 1097 2434 Πάτρων
1117 2349 1369 2434 παραλάβωμεν.
1383 2377 1419 2418 ao
1504 2363 1505 2432 ᾖ

280 2452 393 2525 οἵτινες
414 2452 451 2513 δέ
481 2446 576 2514 πάλιν
601 2451 806 2537 ἐπέστρεψαν
832 2457 901 2533 μετ’
931 2454 1011 2533 ἐμοῦ
1035 2449 1206 2535 άπολοχίαν
1226 2448 1375 2533 λαβόντες

280 2544 424 2629 τοιάνδε,
446 2542 495 2611 ὅτι
514 2546 621 2613 ἐπείά
651 2548 764 2634 παρεόν
791 2551 881 2633 ἡμῶν
904 2543 1014 2633 άρχων
1034 2553 1205 2634 άπέρχεται
1226 2547 1304 2633 πρός
1323 2546 1375 2615 τὸν
1429 2546 1435 2569 “

280 2646 421 2735 α’δελφόν
437 2670 503 2729 μου
522 2644 578 2714 τόν
595 2650 697 2733 μέγαν
710 2650 847 2738 ,α’μηρᾶν
870 2649 1038 2737 (δεικνάων
1059 2654 1117 2733 ἐμὲ
1136 2648 1200 2737 ἔφη
1221 2644 1333 2725 adroic
1354 2647 1372 2711 o‘

349 2870 641 2943 bibracinam?
738 2878 764 2930 5.
783 2875 882 2933 τούτου
902 2880 980 2934 ἐστιν
1003 2876 1091 2934 πάλιν
1109 2876 1139 2931 bi
1224 2895 1252 2948 9.
1269 2875 1309 2949 τᾷ
1324 2873 1373 2930 αδ·

349 2948 433 3016 δέκτῃ
451 2944 532 3017 ἡμῶν
550 2950 599 2999 καί
619 2944 740 3020 δεσπότῃ
756 2946 776 2999 Ρ
923 2958 927 2965 “

279 3122 449 3192 arcubusque
474 3114 630 3175 balearibus
649 3123 721 3175 maie
747 3139 799 3175 noa
827 3123 1014 3194 excipiebant,
1041 3139 1093 3175 nec
1110 3120 1258 3175 laedebant
1274 3130 1374 3175 tamen.

278 3211 340 3245 nam
366 3194 415 3264 qui
436 3209 453 3245 a
476 3195 650 3279 metropolita
684 3194 807 3259 stabant,
835 3196 974 3248 castelium
998 3200 1159 3264 occuparant
1184 3201 1212 3244 et
1236 3201 1376 3262 praeterea

278 3266 382 3333 palatia
406 3266 536 3335 principis
561 3282 592 3317 sn
626 3266 701 3318 illius
724 3266 826 3319 ricinia
854 3264 1013 3331 aedificata,
1043 3282 1091 3335 spa
1123 3263 1209 3327 ducti,
1240 3265 1299 3316 iore
1328 3274 1375 3327 ut,

278 3353 361 3405 quum
392 3333 507 3387 redisset
523 3338 712 3406 metropolite,
745 3336 828 3389 braina
853 3339 1014 3389 auctoritate
1035 3334 1181 3407 oppidum,
1199 3334 1274 3405 quod
1293 3338 1374 3388 etiam

276 3406 353 3475 prins
371 3411 530 3468 tenuerant,
561 3410 719 3475 reciperent
748 3414 857 3478 postera
882 3401 953 3459 luc?
966 3416 1024 3459 tota
1055 3408 1157 3469 civitas,
1181 3405 1324 3458 nobiscum
1344 3408 1374 3459 in

277 3475 345 3527 aede
363 3475 449 3526 sancti
469 3474 574 3528 Nicolai
593 3488 763 3546 congregata,
782 3480 954 3530 sacramentis
975 3478 1055 3530 iidem
1074 3486 1101 3529 et
1120 3476 1306 3529 obedientiam
1325 3475 1374 3529 ad-

277 3546 347 3598 dixit
366 3544 511 3615 despotaa,
540 3546 649 3600 domino
675 3558 779 3601 noauo.
805 3546 906 3607 deinde
925 3566 1007 3619 quum
1027 3565 1069 3600 me
1089 3548 1256 3617 praesectum
1275 3556 1304 3601 et
1324 3564 1374 3615 gu·

275 3615 449 3669 bernatorem
468 3615 521 3668 sibi
542 3626 710 3688 exoptarent,
731 3618 873 3689 respondit
891 3618 1014 3671 dominus
1032 3636 1121 3670 meus:
1139 3614 1187 3669 “ct
1205 3618 1260 3689 ipsi
1278 3617 1372 3670 admo-

276 3688 341 3741 dum
361 3687 414 3740 boc
441 3685 548 3751 debeo,
576 3697 605 3739 et
627 3691 786 3758 petentibus
811 3690 888 3741 vobis
913 3691 1063 3753 satisfacio,
1086 3698 1118 3741 ut
1142 3688 1221 3739 robis
1246 3686 1371 3759 praesit?

275 3775 358 3829 quum
376 3766 472 3810 octavo
490 3757 538 3811 die
555 3758 675 3811 eiusdem
691 3764 792 3815 mensis
816 3760 887 3811 Iunii
911 3760 1080 3831 Naupactum
1098 3760 1294 3821 discessissem,
1312 3759 1372 3829 pri-

272 3843 345 3881 murn
374 3830 532 3899 imperatori
559 3830 685 3883 nuntium
712 3834 845 3884 allaturus
870 3829 904 3883 de
922 3831 1001 3883 rebus
1022 3831 1058 3882 ad
1082 3834 1186 3883 Petram
1211 3831 1371 3891 transactis,

273 3898 374 3951 deinde
391 3917 452 3951 curn
467 3918 522 3953 uno
541 3916 556 3952 e
579 3903 736 3969 proceribus
754 3905 813 3957 eius
851 3901 999 3954 refecturus
1017 3901 1051 3953 ad
1069 3918 1193 3964 anserum,
1207 3900 1252 3953 die
1272 3909 1372 3971 quarto

272 3970 330 4020 eius
356 3971 457 4023 mensis
488 3972 519 4023 in
542 3972 645 4041 templo
672 3975 757 4027 sancti
777 3920 900 4026 λαάέειιε
927 3974 1082 4025 commorati
1116 3988 1215 4025 sumus.
1250 3970 1371 4025 advene-

271 4046 334 4090 runt
361 4049 420 4093 turn
447 4042 616 4112 Naupactum
646 4041 717 4095 forte
747 4044 803 4097 duo
829 4045 949 4105 Τιιιειε,
980 4052 1103 4095 vetantes
1137 4058 1206 4093 unur
1248 4056 1371 4105 arueras,

270 4111 340 4162 alter
357 4110 521 4164 Turacbauis
547 4112 672 4177 nornine,
695 4131 731 4166 ne
755 4114 860 4167 Petram
888 4114 1066 4166 inditionem
1090 4120 1207 4166 nostram
1234 4113 1371 4202 accipere-

268 4198 337 4235 ruru.
373 4182 400 4235 bi
419 4198 523 4235 mecum
542 4185 655 4246 reuersi,
676 4185 730 4235 tate
750 4184 956 4239 aConatantiuo
978 4202 1133 4257 responsrun
1155 4183 1261 4237 semet:
1276 4182 1370 4254 ‘quo-
