3042 4900
461 292 536 353 cre.
557 295 612 353 ιν.
642 291 731 355 car.
754 295 794 354 rr.
1099 263 1187 350 325
1243 301 1247 306 ¹

88 435 264 526 αάθεντίη,
288 433 368 518 πλην
396 435 452 500 οὖν
477 436 614 520 ἴσχυσαν
634 443 832 524 παροτρῠναι
853 436 907 509 τάν
927 439 1027 504 orosa
1047 441 1189 526 σονδρα·
1237 480 1253 514 s

85 547 161 621 μεῖν
181 539 228 623 τῷ
249 541 386 617 βασιλεῖ·

174 635 249 700 Kar*
268 633 286 719 ἦ
308 634 456 718 ἐκκλησία
479 639 534 718 τῆς
551 633 675 718 Ῥῶμης
688 637 764 718 περὶ
784 632 897 702 τούτου
918 635 1108 725 ἐφρόντισεν.
1133 639 1189 704 eai-

87 739 242 821 μεθέντος
271 734 333 820 γάρ
353 739 410 799 τοῦ
433 738 645 820 καρδηναλίον
664 733 820 812 Ῥωσσίας
845 739 891 812 εἰς
912 736 970 822 την
991 741 1101 820 πόλιν,
1134 741 1189 802 καὶ

62 835 149 919 5ὲγῶ
174 839 254 919 περί
271 829 383 899 τούτου
410 833 600 916 processibus
632 833 712 916 πρὸς
732 832 788 898 τὸν
806 835 951 918 ἀοίδιμον
974 843 1031 902 καί
1048 843 1188 918 μακαρί-

86 961 142 1020 την
163 933 222 1000 τὸν
243 929 402 1020 αάθέντην
421 957 485 1014 μου
516 931 572 998 τόν
591 937 744 1016 βασιλέα,
776 937 828 999 ἴνα
846 939 974 1020 γένηται
994 931 1050 1000 ὅδε
1070 939 1188 1020 stupriq·

88 1035 180 1109 νάλις
203 1032 407 1118 πατριάρχης
431 1034 814 1111 Κωνσταντινονπόλεως·
868 1040 923 1100 καί
939 1038 971 1101 εἰ
987 1039 1126 1120 γένηται,
1147 1035 1187 1100 τά

89 1131 145 1198 καί
166 1131 207 1198 τά
241 1129 424 1216 γενήσονται
457 1136 531 1218 παρ’
564 1135 670 1198 usitari
695 1133 751 1199 καί
769 1138 828 1198 τοῦ
846 1134 915 1200 τότε
936 1135 1027 1200 πάπα
1046 1138 1091 1211 εἰς
1112 1133 1189 1219 βοη-

88 1237 188 1297 θειαν
211 1236 267 1316 τῆς
286 1230 423 1313 πόλεως,
445 1235 475 1297 εἰ
494 1227 554 1296 κάν
574 1235 608 1296 ἐκ
629 1235 781 1314 δευτέρον
803 1241 1007 1323 μνημονενθῇ
1027 1231 1044 1298 ὁ
1067 1233 1186 1310 πάπας·

48 1329 145 1396 rosei
164 1333 292 1397 πολλῶν
305 1328 506 1415 συζητησεων
522 1330 621 1414 λόγων
643 1335 700 1396 καί
716 1336 833 1416 βουλῆς
851 1337 1027 1416 γενομένων
1039 1331 1126 1412 ἔδοξε
1147 1337 1191 1422 τῷ

87 1431 228 1519 αόιδίμιγ
259 1435 389 1512 βασιλεῖ
404 1435 447 1519 τῷ
478 1430 614 1519 αι’θέντη
638 1455 702 1514 μον
727 1433 763 1498 τά
785 1437 818 1498 ’ἐν
839 1437 902 1497 τῶν
927 1431 985 1498 δύο
1003 1433 1048 1517 μη
1070 1437 1190 1516 γίνοιτο

88 1533 263 1612 παντελῶς,
283 1524 332 1594 ὅτι
346 1535 389 1618 τῷ
407 1533 561 1618 γενομένῳ
577 1531 759 1617 πατριάρχῃ
782 1527 899 1616 άνάγκη
916 1526 955 1617 ἦν
974 1525 996 1617 ἢ
1016 1537 1191 1598 uerterent

89 1629 178 1718 αὐτῷ
213 1626 290 1704 τούς
317 1629 458 1709 πάντας,
482 1623 503 1713 ἢ
534 1627 600 1712 ἔρις
621 1632 676 1692 καί
698 1627 803 1712 ἔχθρα
821 1631 985 1716 γενήσεται
1008 1630 1188 1714 άναμεταξά

89 1730 190 1792 ον’τοῦ
226 1731 282 1792 καί
301 1730 405 1792 αάτῶν
433 1731 496 1792 τῶν
517 1726 560 1812 μη
585 1733 782 1809 πειθομένων
811 1733 907 1816 crispi
948 1730 1005 1795 καί
1025 1733 1060 1796 ἐν
1079 1730 1188 1818 ἐκείνῳ

48 1827 146 1892 ι5τοῶ
166 1827 284 1910 καιροῦ
317 1831 458 1914 διαμέσῳ
488 1830 518 1892 εἰ
537 1827 593 1890 καί
620 1832 730 1914 συμβῇ
750 1828 827 1911 ἡμῖν
847 1827 936 1915 μάχη
957 1827 1076 1908 ἔξωθεν
1099 1829 1188 1911 παρά

89 1927 151 1990 τῶν
172 1929 312 2010 ἐχθρῶν,
334 1927 389 1990 καί
409 1923 495 2008 ἔχειν
509 1926 591 2010 ἡμᾶς
612 1927 666 1992 καί
677 1925 808 2006 ἔσωθεν,
830 1924 929 1992 πόσον
950 1925 1055 1992 ἔσεται
1071 1925 1189 2008 κακόν,

88 2023 124 2090 τό
146 2027 183 2090 ot
201 2024 459 2110 μνημονεύεσθαι
474 2023 531 2089 τὸν
544 2024 652 2090 πάπαν
671 2026 836 2110 γενηθητω
856 2025 959 2090 ἕνεκεν
973 2028 1098 2100 ἐλπίδος
1110 2031 1188 2110 βοη-

86 2127 182 2201 θείας
204 2129 240 2190 ἐν
261 2129 298 2212 τῇ
318 2123 438 2212 α’νάγκη
459 2125 571 2208 ἡμῶν·
615 2124 669 2189 καί
693 2119 766 2190 ὅσοι
785 2131 878 2190 τοῦτο
901 2122 1075 2209 ποιήσωσιν
1095 2127 1130 2190 ἐν
1150 2127 1189 2210 τῇ

89 2221 162 2311 άγίςι
182 2222 299 2310 Σοφίᾳ,
324 2221 354 2288 oi
374 2219 462 2288 ἄλλοι
487 2222 614 2290 ἔσονται
634 2223 771 2292 άναίτιοι
791 2224 847 2289 καί
865 2229 1024 2310 εἰρηνικοί.

48 2343 83 2386 to
174 2328 249 2390 Καί
267 2327 306 2411 τῇ
336 2318 375 2406 ιβ’
398 2326 455 2389 τοῦ
474 2328 673 2410 Δεκεμβρίου
693 2327 919 2408 παρελθόντων
939 2328 972 2402 ἓξ
992 2329 1109 2408 μηνῶν,
1131 2327 1188 2387 καί

90 2419 244 2487 τοοοάτον
278 2422 374 2506 λόγον
403 2427 571 2507 γενομένου
606 2425 682 2507 περί
699 2427 849 2507 βοηθείας
880 2419 956 2489 ὅσον
976 2420 1185 2507 interfectori

90 2520 264 2599 σονλτάνος
284 2524 343 2587 τοῦ
363 2518 490 2609 Κάερος
507 2518 575 2609 ἤτοι
597 2525 652 2609 τῆς
672 2522 850 2607 Αἰγύπτου.
892 2522 954 2588 α’πό
976 2526 1012 2589 δὲ
1032 2526 1087 2607 τῆς
1107 2524 1186 2608 Esp-

98 2790 105 2803 Ι
159 2741 204 2779 ao.
225 2722 336 2798 1355?
406 2722 595 2781 ratmot)

92 2911 149 2945 rum
168 2894 251 2946 rebus
270 2894 383 2946 allatum
401 2894 449 2958 iri,
472 2913 528 2948 non
554 2902 681 2967 poteraut
699 2902 792 2949 tamen
808 2894 871 2949 (λινοῖ
891 2880 1064 2967 peisuadere,
1084 2901 1116 2948 ut
1131 2894 1185 2947 irn-
1264 2888 1271 2903 ’

91 2966 210 3037 peratori
230 2973 404 3017 succurreret.

160 3038 250 3089 Etiam
277 3036 408 3088 ecclesiae
426 3036 560 3088 Romanae
590 3036 657 3090 baec
680 3052 722 3089 ree
753 3054 832 3089 curae
850 3045 917 3089 erat.
962 3054 1045 3107 quum
1063 3035 1136 3087 enim
1155 3037 1185 3088 in

92 3104 159 3157 urbe
184 3106 293 3159 adesset
321 3106 466 3158 cardinalis
493 3109 616 3173 llossiae,
640 3117 669 3161 et
694 3125 743 3176 ego
762 3110 874 3176 egissem
901 3124 961 3158 cum
983 3105 1138 3157 venerando
1157 3115 1186 3159 et

92 3174 189 3231 beatae
209 3179 357 3229 memoriae
376 3178 554 3246 imperatore,
584 3179 695 3231 domino
713 3195 790 3241 meo,
817 3187 848 3230 ut
866 3180 889 3229 is
906 3176 1053 3230 cardinalis
1071 3177 1186 3245 patriar-

93 3247 142 3299 cba
161 3249 255 3319 Cpolis
272 3249 359 3311 lieret,
380 3246 453 3299 unde
480 3249 599 3301 loturum
620 3257 707 3313 esset,
734 3258 765 3300 ut
790 3248 824 3300 ab
845 3250 905 3319 ipso
925 3256 953 3299 et
969 3263 1039 3316 papa
1058 3246 1185 3299 nonnihil

94 3318 170 3371 fieret
190 3320 227 3371 erl
258 3320 352 3371 urbem
371 3320 566 3383 adiuuandam,
591 3322 613 3372 si
646 3338 735 3372 rursus
760 3336 848 3388 papae
865 3319 967 3369 mentio
986 3319 1072 3380 fieret,
1090 3318 1184 3370 multis

93 3390 263 3443 sermonibus
284 3399 313 3442 et
332 3390 577 3449 consultationibus
595 3389 710 3455 habitis,
727 3391 898 3458 imperatori,
922 3390 1033 3441 domino
1055 3405 1125 3451 meo,
1141 3390 1185 3441 vi-

94 3476 148 3513 sum
173 3470 230 3525 est,
261 3470 387 3513 neutrum
413 3476 525 3525 eorum,
550 3477 621 3531 quae
649 3471 826 3515 consecutura
851 3468 959 3523 essent,
986 3460 1045 3511 lieri
1068 3458 1185 3523 debere,

94 3532 315 3602 quandoquidem
337 3548 446 3583 necesse
476 3539 560 3594 esset,
584 3540 616 3583 ut
642 3542 689 3585 aut
709 3530 877 3603 patriarchae
903 3546 997 3583 omnes
1021 3529 1184 3594 obedirent,

93 3610 140 3653 aut
166 3603 230 3653 lites
258 3610 286 3653 et
311 3602 469 3654 inimicitiae
503 3604 575 3653 inter
602 3604 689 3672 ipsum
720 3612 749 3655 et
773 3618 838 3664 eos,
869 3603 916 3672 qui
944 3618 1001 3653 nou
1025 3600 1184 3665 obedirent,

94 3672 237 3723 orirentur.
274 3672 376 3725 interea
410 3674 432 3724 ei
451 3670 529 3723 nobis
559 3672 624 3725 soris
643 3673 753 3729 bellurn,
771 3674 917 3725 inferretur
945 3671 979 3723 ab
998 3672 1132 3734 hostibus,
1157 3679 1187 3723 st

93 3742 311 3795 conflictaremur
330 3746 410 3795 etiam
432 3743 504 3793 (lomi
525 3742 657 3807 dissidiis,
677 3753 779 3813 quanta
797 3742 868 3794 mala
887 3742 978 3795 sutura
996 3742 1105 3795 errent?
1133 3758 1185 3809 ps-

93 3828 143 3880 pae
162 3822 255 3866 tamen
277 3814 405 3865 memoria
432 3808 510 3863 lieret
527 3824 639 3884 propter
666 3832 740 3883 spem
765 3814 860 3865 auxilii
889 3815 919 3865 in
944 3814 995 3865 hac
1013 3813 1184 3864 necestitate.

94 3883 167 3951 quod
184 3886 234 3955 qui
254 3884 392 3946 facerent,
420 3884 448 3933 in
470 3892 580 3935 sanctae
603 3884 722 3955 Sophiae
750 3884 852 3954 templo
873 3884 1010 3936 iacerent:
1029 3882 1130 3952 reliqui
1149 3898 1185 3935 ue

93 3964 284 4007 accusarentur
301 3970 355 4005 neu
375 3952 557 4005 turbarentur.

161 4026 213 4077 Die
239 4040 269 4075 ra
287 4023 453 4086 Decembris,
472 4040 556 4093 quum
575 4042 623 4077 sex
640 4041 746 4077 menses
770 4025 971 4094 praeterissent,
992 4030 1022 4076 et
1042 4028 1085 4075 tot
1102 4020 1186 4075 verba

95 4104 184 4148 esseut
203 4096 275 4147 sacta
294 4094 329 4147 de
356 4094 476 4157 attritio,
495 4104 563 4164 quot
580 4095 646 4147 lecit
663 4096 788 4148 sultanus
805 4094 876 4147 Cairi
895 4095 952 4145 aire
972 4094 1102 4163 Aegypti,
1122 4102 1185 4147 ets

94 4162 183 4225 Servis
202 4174 296 4239 posset
314 4164 429 4237 pecunia
447 4164 553 4219 occulte
570 4166 662 4220 multis
681 4164 782 4233 modis,
806 4164 930 4218 homines
948 4165 1014 4219 item
1032 4163 1185 4218 ullomodo
