3042 4900
315 292 395 383 188
638 322 810 388 ononcn
840 318 1079 388 anatome

308 476 411 541 κόσιοι
427 473 482 540 τόν
502 474 652 557 α’ριθμόν.
672 472 728 538 καὶ
745 468 844 548 οὕτως
865 475 1011 555 εἶσῆλθον
1029 470 1109 553 μετό
1131 474 1193 539 τοῖν
1213 479 1390 560 σαλπίγγων

308 575 364 639 κατ’
385 573 500 649 παντός
528 576 636 657 γένους
655 576 820 653 μουσικοῦ.
871 569 891 655 ἡ
914 575 948 637 δὲ
967 568 1056 647 πόλις
1077 575 1165 638 πᾶσα
1185 576 1242 658 τῆς
1264 578 1390 659 Φερρα-

308 670 381 758 ριἀς
400 674 596 757 συνέδραμεν
618 672 697 736 ἰδεῖν
717 668 773 754 τὴν
794 674 851 734 rori
871 672 961 753 ἆγιόυ
984 671 1072 755 ῆμιόν
1092 672 1312 739 αόθέντουκαι·
1331 679 1390 755 βα-

308 776 422 846 σιλέως
442 768 565 836 έλευσιν
583 769 665 852 μετὰ
685 771 795 844 αἰδοῦς
817 774 872 835 καί
891 774 984 853 τιμῆς
1004 769 1059 835 κατ’
1077 773 1253 851 εόλαβειάς.
1299 777 1353 837 καί
1372 773 1389 836 δ

307 874 367 951 μὲν
383 869 534 953 βασιλεός
563 872 731 947 ἐκαθέζετο
759 872 809 954 ἐφ’
841 872 939 933 ἵππου
970 867 1162 950 ὧραιοτότου
1183 875 1319 950 μέλανος
1339 874 1414 938 καλό
1512 848 1513 919 i

308 971 551 1054 εότρεπισμένου
564 966 643 1049 μετὰ
657 970 798 1052 ἐρυθροῦ
819 966 873 1031 καί
890 966 1136 1053 χρυσοόφόντσυ
1156 971 1313 1051 χασδέσυ·
1333 961 1388 1052 όρ-
1512 948 1513 965 ¹

306 1090 417 1150 χοντες
438 1069 472 1132 δὲ
494 1066 553 1132 καί
567 1091 649 1143 τινες
671 1063 760 1132 ἄλλοι
781 1068 999 1150 σννππεόγοντο
1019 1069 1115 1153 αότιγῖ,
1140 1064 1218 1148 μιτοὶ
1241 1068 1390 1147 ου’ρανιάς

308 1170 504 1243 λευκοειδοός
531 1164 787 1245 ε’πισκεπόζοντες
811 1162 924 1246 αότόν,
948 1165 1003 1229 κατ’
1023 1160 1107 1249 αότη
1128 1166 1390 1247 έπιμελανέζουσα

310 1267 354 1341 αἱς
374 1268 444 1330 ἰδέα
465 1266 613 1349 οόρανοό.
665 1265 720 1329 καί
747 1268 853 1348 ἕτερος
873 1267 966 1339 ῗππος
989 1262 1099 1339 λευκός
1118 1261 1320 1347 ιδραιότατσς,
1340 1266 1390 1328 ον’·
1512 1336 1513 1345 ¹

309 1366 515 1449 τρεπισμένσς
531 1363 586 1428 καί
606 1362 701 1439 ου’τός
720 1364 760 1429 τό
786 1358 880 1444 oded,
901 1364 956 1427 stoi
973 1363 1114 1447 χρυσοῦς
1137 1362 1247 1440 αἐτοός
1268 1365 1322 1430 ἐπὶ
1338 1366 1391 1428 τοό
1403 1390 1432 1430 ιο
1512 1358 1513 1401 ³

308 1463 446 1547 χασδέου
466 1462 549 1545 έχων
568 1466 624 1529 κατ’
643 1466 734 1547 ἕτερα
755 1466 865 1547 χρυσᾶ
893 1466 1066 1544 πλέγματα,
1089 1461 1256 1548 ἐπορεύετο
1277 1460 1390 1546 ἔμπρσ-
1512 1470 1513 1477 ’

309 1568 389 1629 σθεν
404 1565 461 1627 τοῦ
480 1562 653 1645 βασιλέως,
672 1562 719 1647 μή
741 1560 824 1645 ἔχων
844 1560 1018 1644 α’ναβότην.
1062 1560 1079 1625 ό
1101 1565 1138 1627 δὲ
1156 1563 1391 1643 μακαριώτατος

309 1660 417 1738 πόπας
449 1650 500 1746 Ιἦν
518 1660 693 1747 καθήμενος
718 1661 773 1727 ius*
799 1664 856 1727 τοό
880 1664 1036 1726 παλατέου
1056 1660 1157 1725 αὑτοῦ
1177 1659 1265 1741 μετό1
1279 1656 1390 1737 παντός

308 1764 367 1827 τοῦ
395 1762 529 1845 κλήρου,
558 1760 772 1847 καρδινόλεων
800 1757 919 1846 δηλαδὴ
958 1761 1193 1844 μητροπολιτιόν
1223 1758 1392 1825 ἐπισκόπων
1452 1823 1456 1837 ,

307 1859 420 1943 ἱερέων
449 1860 505 1926 κατ’
534 1854 639 1926 ἄλλων
669 1865 726 1927 τοῦ
760 1859 921 1945 ἱερατικοῦ
941 1862 1132 1943 καταλόγου,
1158 1858 1213 1925 καί
1233 1860 1435 1943 οἷρχόντωνιό

307 1960 363 2025 καὶ
380 1962 546 2025 αόθεντοόν
562 1963 704 2041 πολλῶν,
725 1957 928 2043 ἐκδεχόμενοι
952 1958 1009 2024 τόν
1028 1962 1172 2040 βασιλέα.
1215 1963 1270 2023 καί
1290 1956 1392 2023 όλθόν-

307 2083 359 2135 τες
377 2057 407 2123 oi
428 2057 606 2143 ἔμπροσθεν
632 2058 785 2146 ἔφιπποι,
816 2060 898 2133 τινὲς
918 2062 976 2141 μὲν
998 2061 1061 2123 τοόν
1080 2057 1246 2141 ἀρχόντων
1267 2060 1394 2137 έπέζεν·

309 2158 461 2240 σαν,καί
487 2150 623 2232 ου’τόςό
650 2156 825 2241 δεσπότης,
860 2158 914 2223 κατ’
934 2158 1083 2241 εἰσῆλθον
1109 2156 1160 2222 διό
1184 2162 1240 2240 τῆς
1260 2158 1396 2241 μεγάλης

317 2258 418 2341 πόλης
436 2254 525 2323 ἔνδον
544 2260 600 2321 τοῦ
622 2260 785 2337 παλατέου,
808 2248 848 2320 οὗ
867 2250 907 2341 ἦν
927 2256 945 2321 ό
967 2255 1093 2332 πόπας·
1136 2256 1191 2321 τόν
1210 2259 1245 2321 δὲ
1265 2259 1396 2339 βασιλέα

316 2353 482 2440 εἰσήγαγον
501 2352 639 2441 ἔφιππον
661 2358 701 2419 δι’
715 2351 822 2439 ἑτέρας
844 2356 958 2439 πόλης.
1000 2346 1092 2438 γνοός
1114 2350 1170 2421 οὖν
1189 2354 1206 2421 ό
1225 2352 1332 2431 πόπας
1352 2350 1395 2420 ότι
1405 2382 1437 2423 oo
1512 2404 1513 2407 ,

316 2455 408 2537 έγγός
428 2458 496 2520 ἐστι
518 2460 574 2540 τῆς
593 2453 694 2539 πόλης
712 2454 730 2518 ό
751 2453 913 2536 βασιλιός,
934 2455 1045 2539 ιένέστη
1067 2459 1123 2520 καί
1141 2440 1331 2540 περιεπότει.
1363 2453 1397 2519 δν

317 2556 374 2617 καί
394 2545 487 2637 εὗρεν
518 2551 536 2618 ό
555 2554 707 2637 βασιλεός
724 2549 854 2638 ὄρθιον·
897 2559 952 2620 κατ’
969 2555 1072 2620 θέλων
1092 2560 1300 2639 γονυπετήσαι
1311 2607 1320 2636 ,
1344 2555 1398 2620 σόν

319 2653 442 2740 α’φῆκεν
460 2650 558 2718 αότόν
578 2653 595 2719 ό
618 2650 725 2730 πόπας
753 2655 822 2718 ἀλλ’
843 2656 968 2736 ἐδέξατο
990 2653 1089 2720 αότόν
1110 2657 1155 2731 εἰς
1175 2653 1248 2730 τσός
1269 2655 1399 2730 κόλπους

392 2855 417 2890 a.
435 2839 616 2916 μουσικῶνΡ
709 2857 748 2892 ιο.
769 2839 819 2896 rori
840 2839 921 2893 omP
995 2857 1035 2908 ιγ.
1054 2839 1264 2903 ἰπέζευξανΜΡ

319 2993 528 3040 strumentorum
545 2987 633 3039 omnis
652 2987 756 3055 generis
777 2987 908 3056 strepitu3
927 2986 1119 3056 concurritqne
1137 2986 1230 3036 civitas
1249 2983 1269 3034 1²
1271 2984 1400 3035 errorien-

318 3059 388 3110 sium
407 3059 530 3110 universa
548 3057 582 3109 ad
599 3056 746 3109 videndum
767 3057 938 3109 sacratissimi
958 3056 1058 3108 domini
1083 3057 1170 3108 nostri
1190 3065 1218 3107 et
1234 3055 1398 3123 imperatoris

318 3129 469 3193 introitum,
489 3145 550 3180 cum
567 3127 752 3192 observantia,
772 3127 874 3180 honore
892 3135 920 3178 et
939 3125 1109 3180 verecundia.
1127 3125 1240 3178 sedebat
1257 3126 1400 3195 imperator

317 3200 347 3252 in
363 3215 433 3270 equo
451 3200 645 3252 formosissimo
667 3199 738 3267 nigri
756 3199 870 3262 coloris,
888 3197 932 3249 cni
952 3199 1081 3250 iniectum
1108 3205 1166 3249 erat
1191 3205 1306 3248 stratum
1325 3195 1400 3247 seriei

317 3270 408 3323 villosi
426 3286 574 3340 purpuram
592 3280 621 3322 et
639 3285 704 3320 auro
718 3270 902 3322 intertextum.
922 3268 1062 3338 stipabant
1076 3284 1137 3320 eum
1155 3267 1290 3336 principes
1310 3265 1400 3319 etalii

316 3339 443 3410 quidam,
461 3341 557 3394 aulaeo
582 3341 693 3392 candidi
720 3340 819 3392 coloris
847 3355 908 3392 oum
931 3347 1091 3408 opacantes,
1109 3339 1257 3406 nigricante
1275 3346 1401 3406 tanquam

317 3410 389 3464 coeli
414 3411 510 3478 imago.
540 3411 610 3464 alius
634 3427 721 3482 equus
745 3409 876 3462 candidus
905 3417 933 3461 et
954 3411 1013 3493 ipre
1037 3409 1244 3462 formosissimus
1268 3417 1297 3460 et
1319 3405 1400 3460 simili

316 3473 399 3532 nodo
423 3489 547 3544 omatm,
564 3483 594 3532 in
611 3483 686 3534 cuins
702 3488 788 3534 strato
813 3479 920 3551 aquilae
939 3481 1063 3552 uitaeque
1080 3481 1179 3547 figurae
1197 3495 1262 3530 auro
1282 3480 1401 3530 intextae

317 3557 405 3613 aaut,
422 3551 610 3620 imperatorem
629 3547 822 3622 praecedebat,
849 3567 940 3602 carens
959 3553 1060 3622 equite.
1082 3549 1266 3602 sanctissimus
1284 3564 1356 3620 pape
1373 3547 1401 3598 in

317 3622 422 3695 palatio
446 3638 496 3674 sno
513 3639 574 3674 cnm
591 3631 651 3675 toto
669 3623 750 3683 ciero,
763 3621 790 3672 h.
806 3637 830 3674 e.
857 3624 1018 3691 purpuratis,
1044 3620 1241 3689 metropolitis,
1259 3619 1401 3689 episeopis,

318 3691 523 3755 sacerdotibus,
547 3695 699 3764 ceterisque
730 3692 928 3756 ecclesiasticis,
948 3701 976 3744 et
993 3693 1057 3746 viris
1076 3689 1244 3760 principibus
1265 3707 1296 3741 sc
1315 3689 1403 3742 domi-

318 3767 361 3817 nis
379 3764 482 3825 moltis,
500 3764 690 3830 imperatorem
703 3771 869 3832 exspectans,
887 3761 1007 3816 sedebat.
1027 3761 1155 3824 adrectis,
1169 3762 1219 3831 qui
1236 3776 1330 3828 sagmen
1349 3759 1401 3812 da-

320 3835 434 3899 cehant,
450 3832 605 3904 equitibus,
636 3851 650 3884 e
670 3833 836 3904 principibur
862 3833 987 3885 nonnulii
1012 3832 1226 3893 descenderunt,
1245 3832 1318 3883 inter
1336 3845 1401 3900 quos

321 3906 379 3975 ipse
397 3905 511 3974 despota
527 3903 588 3967 suit,
607 3921 638 3955 ac
655 3921 703 3972 per
721 3919 844 3972 magnam
867 3911 971 3972 portam
988 3904 1101 3973 palatii,
1120 3903 1166 3954 ubi
1186 3919 1254 3971 popa
1275 3909 1342 3962 erat,
1359 3901 1401 3951 in-

321 3976 405 4042 gressi
423 3984 503 4040 sunt3
525 3977 714 4046 imperatorem
732 3991 781 4044 per
807 3975 886 4025 aliam
910 3983 1014 4043 portam
1033 3990 1103 4044 equo
1129 3971 1294 4026 insidentem
1316 3973 1401 4024 intro-

322 4045 466 4098 duxerunt
494 4062 581 4117 popa,
607 4047 732 4112 cognito,
757 4045 944 4114 imperatorem
969 4043 1004 4096 ad
1029 4052 1134 4113 portam
1160 4041 1268 4104 edesse,
1289 4041 1402 4093 correxit

322 4124 352 4167 ot
371 4115 561 4178 inambulavit,
579 4125 607 4166 et
624 4117 664 4166 ita
688 4115 774 4183 spatia
799 4114 943 4168 facientem
966 4115 1080 4168 offendit
1098 4131 1159 4165 eum
1178 4114 1338 4182 imperator:
1356 4110 1402 4181 qui

323 4202 406 4258 quum
425 4187 455 4238 in
480 4202 566 4255 genna
585 4186 669 4240 vellet
692 4183 882 4254 procumbere,
902 4202 958 4240 non
986 4185 1014 4238 id
1032 4185 1154 4256 permisit
1171 4200 1258 4254 papa,
1276 4181 1325 4236 sed
1343 4197 1403 4234 eum
