3042 4900
207 328 263 389 ns
280 320 643 389 rrrrsssaonrcansr
672 326 839 393 axcrmo
853 326 1079 391 unanimo
1112 298 1194 387 525

107 477 195 560 γοῦν,
202 468 303 554 οἰμαι,
311 468 430 537 ταῦθ’ό
441 468 619 557 Μουρότης
629 476 785 555 ἐσκέψατο
792 478 847 540 καί
857 481 948 541 τοῦθ’
956 471 1039 541 οότω
1049 480 1194 560 γενέσθαι

108 576 311 657 προσέταξεν,
330 574 370 637 ἵν’
391 569 569 656 α’σφόλειαν
589 573 609 657 ή
630 572 720 650 πόλις
744 574 801 661 ε”χη
827 582 880 641 καί
899 576 1045 661 φυλακήν
1066 580 1193 661 α’κριβε-

104 673 220 757 στόραν
239 675 273 737 ἑκ
293 669 418 753 τοότου,
441 668 595 751 παράλιος
615 666 698 749 οόσα
716 677 771 737 κιιί
789 674 843 737 aad
856 680 949 739 τοῦτο
970 677 1103 761 δεομένη
1115 682 1191 741 πολ-

104 779 170 840 λῶν
188 768 399 852 ἐνοικούντων,
421 771 476 835 καί
493 774 545 835 ἵνα
564 772 621 854 τήν
641 772 760 855 ιίγορόν
784 772 970 857 πλήθουσαν
989 772 1108 857 ἔχουσα
1128 775 1191 841 τῶν

76 876 207 947 5ιόνίων
234 869 378 935 ἁπάντων
403 872 449 945 εἰς
475 862 576 953 αότήν
604 873 868 954 εἰσκομιζομένων
883 870 1004 949 πάντας
1022 872 1095 961 ἕλκη
1113 878 1188 959 παρ’

102 971 212 1061 ἑαυτῇ,
234 972 457 1053 πραγματειῶν
469 971 525 1033 καί
535 968 800 1054 συναλλαγμάτων
814 970 961 1037 ἁπάντων
973 975 1186 1055 μεταδιδοῦσα
1193 984 1245 1045 tet

103 1081 171 1147 τοῖς
190 1069 343 1157 χρῄζουσι
367 1070 422 1131 καί
440 1062 556 1151 ἑαυτήν
576 1066 696 1156 ρ’ρόίως
715 1072 937 1149 πλουτιζοοσα.

185 1166 247 1233 ια’.
294 1165 417 1233 Turissa
445 1159 505 1231 σόν
535 1162 620 1231 οότω
648 1167 848 1251 προβόντυν,
877 1168 932 1234 καί
951 1174 1014 1235 τῶν
1038 1168 1187 1255 Τοόριιων

102 1273 149 1345 εἰς
158 1270 282 1350 χιλιλιυς
297 1264 540 1349 ἀριθμουμένων
549 1263 608 1349 τήν
623 1267 712 1331 πόλιν
724 1265 967 1355 κατειληφότων,
986 1272 1041 1335 καί
1061 1270 1187 1337 πόντων

57 1370 206 1442 ιοοίκίας
225 1370 281 1429 καί
304 1364 401 1441 ναοός
431 1366 506 1430 α’ντί
532 1367 641 1431 οἰκιῶν
669 1364 866 1453 εἰληφότων,
897 1370 953 1435 καί
971 1368 1087 1451 α’ναμίξ
1103 1369 1184 1435 sarri

102 1472 211 1533 πᾶσαν
229 1462 285 1549 τήν
303 1464 395 1529 πόλιν
416 1462 577 1545 λαχόντων
597 1464 656 1549 τήν
674 1464 813 1550 οἴκησιν,
839 1466 859 1551 η’
881 1466 970 1543 πόλις
991 1464 1093 1553 ιόσπερ
1114 1471 1184 1533 τινὰ

100 1564 242 1650 πενθήρη
261 1565 380 1647 χιτῶνα
393 1560 451 1647 τήν
464 1564 618 1642 ἀκοσμίαν
629 1560 840 1647 περιεβάλετο,
860 1571 916 1650 τῆς
937 1567 1134 1651 εόπρειτειάς,
1147 1561 1186 1653 ἧς

100 1660 141 1730 εἰν
153 1664 246 1747 ἔτυχε
259 1667 314 1747 τῆς
332 1665 430 1745 κακής
442 1664 625 1744 συμβουλῆς
634 1661 682 1745 μή
693 1659 803 1746 χώραν
815 1659 977 1747 εόροόσης,
991 1670 1187 1754 α’φηρημένη,

100 1765 156 1829 καί
176 1764 231 1829 τόν
241 1756 421 1843 στολισμόν,
438 1756 475 1823 όν
488 1759 544 1823 osia
558 1763 604 1837 εἰς
615 1760 743 1843 μακρόν
763 1759 855 1843 ἔσχεν
872 1755 918 1845 όν,
931 1767 1094 1847 δυστυχῶς
1107 1761 1189 1849 dyas

54 1863 319 1945 ι5ιίποβαλοόσα,
342 1861 397 1926 καί
417 1861 570 1925 στένουσα
592 1852 657 1925 οἷον
674 1862 744 1939 μετ’
765 1862 902 1944 οἰμωγῆς
923 1854 974 1925 ότι
993 1863 1037 1946 μή
1058 1866 1188 1945 σεισμός

100 1960 222 2047 ταύτην
250 1962 428 2040 συνέχωσεν
457 1952 563 2042 ήπόρ
591 1956 820 2041 παρανόλωσιν
837 1954 859 2044 ἢ
879 1954 966 2042 ὕδωρ
989 1956 1187 2047 deauratas?

100 2062 273 2147 νιφελόθεν
287 2058 382 2144 ῥαγὲν
397 2055 597 2139 συνεκάλυψε
610 2059 665 2121 καιΙ
683 2060 867 2123 κατέκλυσε·
907 2064 997 2125 τοῦτο
1024 2060 1085 2145 γὰρ
1115 2062 1187 2127 αἰνε-

99 2159 254 2244 κτότερον,
278 2161 349 2223 ἐπεί
369 2160 420 2223 soi
435 2180 472 2239 γε
496 2159 617 2238 βέλτιον
641 2158 699 2221 τοῦ
725 2157 871 2242 τοιαύτην
891 2154 1029 2241 όροῖσθαι
1058 2158 1095 2224 τό
1112 2164 1187 2245 μηδ’

98 2260 247 2325 όπωσοῦν
265 2257 321 2323 έπί
337 2261 394 2341 γής
420 2253 557 2321 ἓοτόναι.
613 2253 644 2321 οἱ
663 2256 723 2337 μέν
745 2249 801 2321 oris
833 2260 896 2323 τῶν
914 2255 1007 2342 ἱερῶν
1031 2256 1122 2325 οἴκων
1139 2263 1188 2347 εἰς
1256 2276 1262 2289 ”

48 2387 90 2428 20
100 2358 191 2423 ausari
211 2355 390 2439 καταγώγια
419 2360 708 2439 μετημείφθεισαν,
729 2352 834 2441 οἵσπερ
857 2354 1054 2439 εἰρήκειμεν,
1075 2360 1130 2423 καί
1148 2360 1185 2423 τό

98 2457 292 2542 προφητικὸν
314 2459 421 2537 εἰπεῖν,
442 2459 477 2521 έν
493 2461 615 2520 πελέκει
628 2453 682 2528 καί
697 2459 889 2544 λαξευτηρίῳ
907 2454 946 2521 τό
970 2456 1186 2540 θυσιαστήρια

97 2561 156 2624 τοῦ
177 2562 256 2623 θεοῦ
287 2562 535 2641 καταβέβληντο·
585 2552 616 2619 οἰ
645 2558 680 2620 di
701 2557 838 2636 λείψανα
864 2556 961 2636 μόνον
981 2558 1038 2620 τοῦ
1059 2555 1185 2640 κρότου

97 2657 233 2733 κάλλους
265 2656 368 2722 adrui»
387 2655 444 2720 καί
469 2659 524 2740 τής
546 2658 666 2732 θέσεως
695 2654 925 2737 α’ποοοίζοοοιν.
966 2654 1045 2722 ένιοι
1066 2659 1110 2740 δέ,
1131 2661 1188 2724 καί

98 2872 197 2931 fuerat,
217 2866 387 2920 dediderunt.
415 2867 503 2918 ambo
522 2866 589 2920 haec
607 2868 709 2938 itaque,
726 2875 758 2920 ut
776 2868 883 2938 opinor,
902 2867 1021 2920 Murates
1038 2865 1183 2920 meditatus

97 2949 141 2994 est
161 2940 243 2992 etita
261 2939 319 2990 lieri
339 2939 423 3001 iussit,
441 2947 497 2990 turn
515 2949 546 2990 at
563 2940 707 2991 securitate
726 2948 755 2991 et
775 2939 895 2990 custodia
915 2938 996 3005 tnagis
1016 2937 1069 2988 fids
1089 2938 1182 2994 urbem

96 3010 276 3066 communiret
293 3011 453 3062 maritimam
473 3009 591 3080 ideoque
611 3011 704 3062 maritis
732 3019 855 3077 egentem
880 3007 1097 3068 habitatoribus,
1125 3018 1183 3060 tum

95 3093 132 3138 ut
148 3082 208 3134 soro
226 3081 345 3132 omnium
364 3097 451 3131 rerum
469 3081 636 3133 abundantia
653 3080 866 3140 circumflueret,
885 3077 1024 3130 venalibus
1039 3077 1183 3146 undequa-

95 3171 152 3226 que
168 3153 318 3213 convectis,
337 3167 429 3202 omnes
446 3150 510 3202 urbs
528 3151 564 3202 ad
588 3169 617 3202 se
635 3150 764 3212 traheret,
784 3159 811 3201 et
829 3149 985 3200 mercaturis
1003 3149 1183 3199 commerciis-

95 3242 153 3296 que
173 3223 289 3275 diversas
313 3223 437 3274 nationes
461 3221 617 3289 indigentes
643 3223 817 3273 commiscens
840 3237 874 3271 es
890 3219 966 3272 facili
984 3219 1043 3288 ipsa
1061 3220 1184 3270 collocu-¹

93 3297 202 3369 pletata
219 3293 371 3346 ditesceret.

167 3381 212 3416 ar.
246 3365 295 3416 llis
312 3364 407 3433 itaque
435 3360 487 3414 boc
516 3360 598 3413 modo
622 3361 750 3430 digestis,
775 3377 835 3412 curn
852 3360 954 3412 Turcae
973 3359 1048 3412 mille
1066 3363 1179 3413 nurnero

94 3437 235 3490 civitatem
267 3440 443 3502 occupassent
475 3438 505 3485 st
537 3433 656 3483 omnium
683 3431 776 3483 domos
804 3448 834 3482 ac
859 3431 962 3498 templa
987 3447 1036 3499 pro
1069 3430 1180 3484 babita-

93 3511 174 3562 tione
194 3505 371 3572 accepissent,
396 3519 447 3554 nec
468 3520 524 3554 non
568 3504 698 3554 romiscue
719 3519 769 3571 per
790 3503 939 3554 universam
964 3502 1057 3554 urbem
1086 3501 1178 3554 sedern

93 3581 240 3636 locassent,
258 3576 360 3636 civitas,
378 3574 462 3626 veluti
482 3519 591 3638 lugubri
605 3575 714 3635 amictu,
732 3573 892 3626 contusione
907 3580 987 3642 atque
1007 3572 1177 3624 immunditia

93 3644 294 3702 circumvestita
311 3655 368 3706 est,
385 3659 435 3694 sno
458 3643 571 3705 decore,
598 3662 677 3714 quesn
695 3644 790 3712 ntique
810 3651 952 3696 consecuta
971 3641 1066 3694 suisset
1082 3645 1104 3694 si
1123 3659 1180 3694 rna-

93 3721 154 3776 lum
174 3715 317 3768 consilinm
338 3716 426 3764 locum
446 3731 502 3765 non
520 3713 672 3777 habuisset,
697 3715 831 3782 spoliata,
852 3722 880 3764 et
897 3721 1003 3774 ornatu,
1025 3729 1105 3781 quem
1123 3729 1179 3766 non

93 3789 184 3844 multo
214 3794 276 3853 post
294 3783 470 3853 possedisset,
494 3783 602 3846 orbata,
628 3793 657 3837 et
680 3801 735 3836 non
754 3785 812 3834 sine
831 3785 931 3853 gemitu
949 3784 1085 3851 suspirans
1105 3784 1179 3854 quod

94 3870 144 3914 aut
162 3867 250 3910 terrae
276 3863 366 3908 motus
393 3871 448 3906 non
470 3854 656 3915 absorbuerit,
685 3863 732 3906 aut
752 3855 821 3922 ignis
846 3870 900 3907 non
926 3853 1112 3922 absumpserit,
1131 3863 1179 3906 aut

96 3947 169 4001 aqua
188 3925 313 3978 alicunde
339 3941 482 3992 erumpens
504 3926 548 3976 vel
571 3924 722 3977 anubibus
743 3924 869 3978 decidens
890 3941 945 3978 non
959 3927 1130 3994 cooperuerit
1149 3933 1179 3977 et

94 3997 287 4055 inundaverit:
306 3996 359 4048 boc
378 3997 452 4046 euim
470 3995 640 4048 tolerabilius
660 3995 769 4058 luisset,
790 3997 899 4066 quando
917 3996 1002 4046 rnulto
1022 3995 1117 4048 melius
1138 4005 1180 4048 est
1226 4019 1232 4040 ι

95 4091 156 4125 eam
176 4085 309 4136 nusquam
336 4075 441 4119 exstare
468 4081 547 4186 apuam
566 4067 619 4118 boc
635 4067 717 4118 modo
734 4067 803 4118 visui
821 4066 959 4120 hominum
978 4065 1069 4116 obiici.
1104 4083 1178 4118 sacra

94 4144 180 4214 igitur
198 4140 299 4208 templa
310 4140 337 4189 in
349 4137 458 4206 publica
491 4138 614 4188 iversorio
624 4139 764 4188 immutata
778 4147 848 4199 sunt,
868 4147 898 4190 ut
914 4145 1112 4206 praenarratam
1127 4147 1176 4200 est,

95 4225 124 4268 et
144 4220 177 4265 ut
196 4227 255 4262 cam
274 4209 406 4280 propbeta
425 4207 529 4279 loquar,
546 4209 575 4259 in
588 4208 675 4260 securi
693 4217 722 4260 et
738 4209 811 4262 ascia
827 4208 871 4262 dei
888 4207 1074 4280 propitiatoria
1092 4207 1176 4262 disis·
