3042 4900
309 258 396 363 514
617 276 785 347 toennts
812 246 1084 337 rutcuosutn

306 440 372 506 τάν
387 432 484 515 ἱεριύν
503 431 589 495 νοαῖν
610 424 665 491 καί
681 426 787 507 μονῶν
807 419 1011 503 κατασκαφῆς
1031 414 1130 480 αἴτιον
1150 410 1284 494 γέγονεν.
1304 412 1391 476 ἐνίων

306 536 369 625 γάρ
390 530 447 599 sissi
464 528 499 597 τύ
533 526 711 593 ἀνύποπτον
737 522 837 609 ίεροῖς
866 518 1108 599 ἀναποθεμίναν
1127 518 1215 587 ναοῖς
1233 508 1392 595 χρήματα,

308 638 364 703 καί
380 633 472 699 ταῦτ’
494 632 529 695 έν
557 627 666 702 αύτοῖς
691 633 757 699 τοῖς
786 616 916 695 ἀδύτοις
944 617 999 681 ἀπ’
1020 610 1120 687 αύτάς
1144 608 1202 687 τάς
1220 607 1394 691 ἱερωτάτοις

307 734 477 821 τραπέζας,
502 730 558 793 καί
576 730 631 809 τῆς
652 724 789 806 ἀνάγκης
810 716 1020 804 ἀφεστηκυίας
1041 713 1185 795 γνιύριμα
1204 711 1312 774 ταῦτα
1331 716 1394 783 τοῖς

308 834 487 915 τιμωρούσι
516 828 678 909 θεμέναν,
704 818 872 908 ἀφανίζειν
893 816 928 881 τύ
951 810 1070 891 scitica,
1083 812 1190 875 αύτῶν
1211 810 1421 893 έπεχείρουνύ

308 931 338 1000 ού
364 933 511 1012 Τούρκοι,
535 924 592 991 καί
610 923 667 1001 τὰς
687 920 780 997 θείας
800 918 968 1003 τραπέζας,
982 914 1035 999 ἐφ’
1052 905 1143 994 nigei
1165 910 1241 973 θεία
1261 904 1395 991 μυοτικὴ
1479 952 1490 967 .

308 1034 366 1099 καί
388 1032 476 1110 ζῶσα
503 1027 559 1091 κοί
577 1018 712 1106 συοτικὴ
731 1016 847 1095 παντὸς
874 1018 1049 1080 ἐπετελεῖτο
1068 1012 1128 1075 τού
1146 1009 1267 1091 κόσμου
1285 1002 1398 1087 θυσία,

308 1134 348 1219 τῇ
375 1132 438 1197 τοῖν
466 1123 637 1210 χρημάτοον
663 1120 821 1205 ἐπιθυμίη
848 1110 930 1179 κατά
959 1108 1102 1194 σπουδὴν
1128 1110 1316 1191 ἀνατρέπειν
1344 1105 1400 1169 τισί

248 1228 520 1311 assumuntque
547 1224 611 1310 φεύ
632 1228 699 1295 τοῖς
728 1216 932 1301 βουλομένοις
959 1213 1106 1277 τιθέναι·
1154 1206 1317 1289 ἀπέλαβον
1335 1202 1397 1289 γάρ

310 1330 373 1398 insi
391 1328 488 1393 παντί
501 1327 581 1411 λίθιρ
602 1316 754 1404 χρήματα
774 1319 919 1389 κεῖσθαι,
944 1311 1001 1375 καί
1020 1305 1073 1373 ἀιά
1094 1308 1186 1372 τούτο
1207 1306 1299 1371 πάντ’
1319 1300 1398 1369 ἀνύ-
1411 1328 1443 1370 ιο

310 1452 410 1498 στατα
432 1420 650 1507 πεποιήκεσαν.
690 1410 776 1501 αύτη
796 1413 875 1479 κάπί
888 1414 951 1477 τιύν
972 1408 1067 1494 ἱερῶν
1086 1406 1214 1473 εἰκόνων
1239 1407 1402 1488 συμβέβη-

311 1553 365 1595 κεν
393 1530 428 1593 ίν
449 1520 545 1606 ύβρει
568 1512 758 1603 διαφθορά,
779 1514 834 1579 καί
858 1508 914 1587 τάς
930 1513 1005 1587 ’μὲν
1033 1508 1113 1593 πυρί
1137 1507 1314 1590 περιέσχον,
1336 1497 1401 1569 οἷον

310 1629 397 1712 ἡμεῖς
417 1628 462 1700 είς
475 1622 532 1706 τὴν
552 1616 674 1684 ταύταν
687 1610 898 1700 προσκύνησιν
912 1612 1106 1695 ζημιοῦντες,
1119 1614 1190 1681 ταῖς
1210 1608 1238 1671 δ’
1261 1606 1307 1680 είς
1323 1599 1401 1668 sisso·

312 1723 412 1809 δοχῆν
424 1726 488 1790 scis
505 1719 618 1796 ἀνίαν,
641 1709 759 1781 ἀθεού
781 1706 909 1795 ἀνοχῆς,
923 1710 976 1775 ἐπί
986 1711 1085 1791 μέσης
1106 1705 1292 1791 τῆςάγοράς
1313 1702 1400 1769 ἀνυί·

312 1830 372 1911 δην
391 1818 581 1908 ἐχρήσαντο,
601 1815 691 1891 τινύς
708 1818 744 1877 δὲ
756 1814 813 1875 καί
827 1812 1014 1895 διετήρησαν
1032 1804 1110 1881 ἴσως
1130 1800 1201 1870 ύσοι
1214 1804 1279 1869 τῶν
1297 1794 1400 1868 ἀλλων
1412 1808 1443 1872 ι5

311 1930 360 2002 είς
380 1927 486 2009 κτῆσιν
508 1914 682 2004 χρημάτων
700 1910 911 2001 θερμότεροι,
933 1908 988 1975 καί
1006 1907 1162 1995 ἀργυρίου
1183 1904 1305 1981 ταύτας
1324 1896 1402 1969 ἀπέ-

315 2027 419 2091 ἀοντο.

398 2120 448 2197 ις’.
493 2118 536 2185 Τί
553 2120 582 2182 δ’
603 2109 644 2181 ἀν
664 2110 765 2187 εἴποις
784 2112 859 2195 περί
878 2110 933 2192 τῆς
954 2104 1138 2191 μοροάύχου
1158 2102 1265 2188 τιγαας
1286 2101 1403 2190 λάρνα·

313 2244 367 2301 κος
397 2225 456 2286 τού
483 2218 650 2304 ἦμεάαπού
674 2208 889 2296 τροπαιούχου
918 2210 974 2273 καί
1000 2206 1181 2291 μύρτυρος;
1209 2202 1323 2290 ἥκιστα
1351 2205 1404 2267 καί

277 2359 280 2365 -
313 2318 431 2405 ταύτην
449 2318 562 2385 εἴασαν
582 2314 807 2397 ἀπερίτρεπτον
838 2307 894 2373 καί
915 2310 1087 2389 μένουσαν,
1109 2306 1153 2380 ἀς
1171 2303 1207 2371 τύ
1230 2307 1323 2388 πρίν,
1343 2324 1444 2385 pcc-so

313 2424 385 2498 νίας
404 2418 562 2505 ύπιρβολῇ
581 2411 698 2480 ούκυθ
713 2407 802 2495 ἡμῶν
818 2404 925 2491 ὥσπερ
945 2408 1041 2490 θῆρες
1059 2402 1267 2490 λυπήσαντες
1287 2397 1402 2487 ἄγριοι,

315 2519 397 2604 πλὴν
420 2519 459 2584 ού
491 2518 531 2582 δι’
562 2517 667 2582 αίτιαν
698 2515 772 2576 καθ’
796 2508 835 2595 ἢν
864 2501 1242 2576 scientiaomnium
1263 2503 1403 2588 ίξῆμάν

392 2735 432 2772 ια.
450 2714 613 2792 παρίσχονί

319 2888 425 2939 cedere.
467 2882 520 2936 hoc
548 2889 578 2935 et
603 2897 737 2934 sacrorum
764 2882 926 2952 temptorum
949 2889 978 2933 et
1004 2880 1227 2933 monasteriorum
1258 2877 1404 2930 eversionis

320 2957 402 3012 estse
424 2955 486 3007 fuit.
523 2971 539 3004 n
556 2952 698 3006 nonnullis
715 2952 787 3005 en'un
799 2962 911 3024 propter
926 2954 1073 3022 expetitam
1093 2951 1265 3003 securitatem
1282 2950 1314 3002 in
1326 2949 1425 3000 sacris.

320 3027 429 3100 templis
447 3025 569 3096 pecuniis
588 3024 723 3096 repositis,
741 3031 771 3074 et
786 3027 901 3076 maxime
921 3025 950 3076 in
969 3023 1034 3093 ipsis
1053 3022 1140 3090 ndytis
1160 3019 1210 3073 sub
1230 3019 1406 3072 sacrosanctis

321 3099 470 3161 nimribus,
488 3104 518 3148 et
535 3095 708 3166 posmodum
724 3097 885 3148 necessitate
900 3103 1013 3164 urgente
1030 3093 1066 3145 ob
1085 3094 1251 3146 cruciatuum
1269 3091 1406 3143 soevitiam

321 3170 463 3232 indicetis,
480 3183 574 3220 eorum
593 3165 824 3239 pulchritudinem
842 3167 946 3218 Tuscae
966 3165 1097 3228 demoliti,
1116 3163 1276 3232 divinasque
1295 3177 1407 3222 mensos,

322 3240 467 3311 inquibus
484 3229 595 3307 mysticis
618 3239 714 3290 vivens
740 3247 770 3290 et
793 3235 918 3290 sslutnris
946 3237 1029 3289 totius
1054 3245 1182 3289 terrerum
1207 3233 1283 3286 orbis
1301 3232 1408 3286 victime

323 3318 445 3374 ottertur,
460 3311 636 3380 pecuniarum
646 3306 780 3362 desiderio
793 3307 913 3360 studiose
926 3317 1046 3360 evertere
1063 3315 1092 3359 et
1107 3305 1224 3358 cuilibet
1240 3304 1300 3374 (vae
1311 3304 1407 3354 misero

324 3383 404 3453 mitt)
422 3379 617 3432 coucutcsndas
642 3395 805 3450 proponere.
850 3395 912 3431 nam
930 3379 1134 3448 suspicabuntur
1156 3375 1207 3429 sub
1226 3377 1301 3427 omni
1318 3371 1408 3443 lepide

344 3455 454 3505 ecrruise
474 3467 547 3514 esse,
565 3459 764 3520 proptereaque
791 3452 881 3504 omnin
908 3450 962 3502 inte
980 3449 1133 3502 vastabant.
1174 3455 1227 3498 tem
1246 3445 1336 3497 dirum
1353 3459 1408 3494 rnn-

324 3475 382 3577 inm
397 3525 426 3575 in
442 3524 524 3574 sacris
541 3537 652 3591 qnoque
671 3521 833 3590 imaginibus
852 3523 941 3574 locum
965 3519 1076 3584 habuit,
1097 3537 1142 3571 ene
1159 3535 1215 3570 non
1236 3519 1295 3568 sine
1314 3523 1409 3568 contu-

325 3597 407 3648 meiis
427 3593 584 3657 absumens3
609 3607 723 3662 querum
750 3595 895 3664 pterosque
921 3596 982 3661 igne
1007 3597 1225 3652 concremarunt,
1253 3587 1301 3657 qui
1321 3601 1407 3638 esuum

327 3667 513 3718 sciorstionem
529 3663 611 3714 nobie
634 3663 800 3732 surripiunt3
823 3665 889 3716 atine
906 3663 935 3714 in
953 3677 1029 3714 usum
1055 3677 1143 3714 rerum
1161 3659 1299 3711 venalium
1316 3657 1408 3729 (deus,

326 3747 400 3790 tunm
417 3730 619 3804 sotersnsimt)
638 3735 667 3784 in
684 3734 774 3785 medio
793 3733 1100 3804 soro-irnpudeutiesime
1121 3731 1271 3794 reduxere;
1292 3728 1410 3781 nonnul·

327 3807 368 3858 iss
387 3809 469 3858 etiem
480 3812 673 3857 conservarunt
689 3804 736 3872 qui
757 3807 841 3874 mugio
851 3821 931 3877 qsrem
948 3805 994 3856 elii
1012 3804 1134 3875 pecuniis
1146 3801 1299 3864 inhiabunt,
1318 3809 1346 3852 et
1361 3815 1409 3870 po·

328 3887 388 3932 stes
404 3885 515 3946 argento
528 3874 746 3930 divendidernnt
1197 3896 1201 3904 ·

402 3948 442 3998 ιθ.
477 3945 553 4018 Quid
571 3962 651 4017 porro
670 3944 772 3997 diceres
797 3943 831 3997 de
854 3945 940 3998 nostri
968 3944 1113 4014 tropoesiis
1132 3950 1161 3995 et
1184 3941 1308 4008 martyris
1326 3954 1412 4006 myro·

328 4017 442 4070 theoto?
475 4033 566 4087 neque
584 4015 655 4068 itturt
672 4017 813 4068 immotum
831 4033 920 4086 neque
940 4015 1165 4086 imperturbatum
1182 4013 1281 4065 furoris
1299 4025 1412 4080 exsupe-

331 4088 418 4140 rsntie
434 4095 636 4148 conservarunt,
653 4087 701 4156 qni
713 4095 808 4139 contra
824 4103 872 4139 nos
884 4087 968 4139 vetuti
986 4087 1089 4138 bestiae
1099 4087 1293 4136 immansuetae
1311 4081 1412 4134 saevic-

262 4224 266 4229 ἢ
331 4165 406 4224 rent3
422 4175 481 4214 non
497 4157 614 4236 eandem
625 4167 716 4214 tamen
730 4157 768 4212 ob
784 4173 891 4213 oensem
908 4157 945 4212 ob
962 4173 1043 4229 quem
1061 4158 1115 4210 slis
1131 4155 1282 4226 antiquitus
1300 4169 1350 4226 per
1367 4165 1412 4204 nos
