3042 4900
560 317 634 381 ιιιι.
657 322 696 381 ιι.
726 319 819 386 cAP.
839 325 880 386 11.
1209 301 1281 389 131

182 467 403 553 λοποννήσου,
424 466 458 532 τό
482 469 648 550 Λεῦκτρον
662 471 810 554 Μαένης,
832 469 868 534 τό
892 467 999 539 όποίον
1018 475 1166 558 Κεταριά
1188 473 1287 544 πάλαι

181 573 348 654 ἐκαλεῖτο)
377 565 432 632 κατ’
450 565 556 632 πάντα
581 565 636 633 τόν
663 571 784 634 ἐκείνου
807 571 902 654 ζυγὸν
922 563 1000 658 άχρι
1021 577 1078 640 κατ’
1095 578 1150 658 τῆς
1173 573 1285 642 Πόλου

180 673 243 754 τῆς
265 671 434 752 λεγομένης
451 667 578 747 Ἰτιλου,
599 669 635 731 εἰς
656 670 692 733 δὲ
711 670 769 734 τοῦ
790 666 850 748 ἔξω
872 673 970 756 ζυγοῦ
992 671 1027 738 τό
1050 673 1285 759 κάστρονΖυρ·

180 768 285 844 νάτας
303 772 360 834 κατ’
375 771 407 832 Γ
404 769 545 850 αστάτζα,
567 765 603 833 τό
625 765 833 854 Διάσειοτον,
856 774 961 854 Meu,
983 769 1127 858 Δράχιον
1146 777 1203 839 κατ’
1213 778 1283 841 Πο-

150 871 317 934 ὅλιανοϋν
340 865 396 932 κατ’
422 865 463 935 τά
490 865 567 950 περὶ
588 865 700 934 αάτόν.
749 870 807 936 καί
834 865 952 936 ἔδυσεν
980 873 1068 960 αότῷ
1088 873 1143 938 καὶ
1160 875 1200 940 τά
1220 873 1282 942 όσα

302 1047 322 1082 ν
358 1046 377 1080 α
398 1031 460 1082 ίνου

256 1099 280 1149 δ.
299 1032 405 1154 νόιτόλορυ
462 1096 481 1148 P
570 1097 723 1170 Ζαρνάτας
739 1101 789 1152 καλ
804 1127 839 1140 -·
856 1115 883 1170 p·
907 1101 973 1166 132,
1004 1103 1038 1171 νή
1056 1099 1176 1176 παιδόςή
1205 1107 1281 1176 Ζαρ-

254 1167 347 1226 νάταν
366 1173 415 1222 καί
434 1169 596 1233 Γαστίτζαν,
616 1160 648 1223 τό
667 1167 852 1226 άδιάσειστον
869 1174 948 1227 Μελέ
955 1211 962 1234 ,
979 1174 1139 1244 Δυρράχιον
1156 1178 1205 1229 καλ
1216 1181 1281 1230 Πο-

254 1233 372 1300 λιανοός
389 1244 439 1294 καλ
458 1239 612 1310 Γαρδίκιαν
627 1246 676 1294 καί
692 1235 728 1295 τά
747 1245 815 1312 περί
833 1238 906 1296 αὐτά
914 1283 924 1308 ,
943 1245 982 1298 έτι
1001 1243 1031 1298 δλ
1046 1247 1210 1318 χορηγήσας
1226 1244 1280 1300 αό-

255 1311 295 1380 τηῑ
312 1306 362 1374 τήν
384 1313 485 1366 πάσαν
507 1307 690 1384 έπιτροπικήν
715 1316 765 1366 καλ
791 1311 930 1379 διοίκησιν
953 1315 1001 1369 τοῦ
1017 1319 1144 1389 μεγάλου
1168 1336 1280 1390 πρωτο-

255 1379 1037 1528 5216'65505625‘'6562‘0666’66353'6665
1060 1382 1281 1532 όῖόῖἷήῖρήή

253 1525 302 1590 λής
325 1519 360 1592 ἦν
377 1523 571 1596 καταγόμενος
598 1527 649 1579 τοῦ
666 1527 790 1581 παλαιοῦ
814 1531 922 1584 ἐκείνου
942 1529 1111 1600 Νικηφόρον
1129 1535 1281 1602 Καίσαρος

253 1596 304 1648 τοῦ
320 1599 511 1662 Μελισσηνοῦ.
559 1593 576 1649 6
594 1595 626 1650 δὲ
643 1597 811 1670 Νικηφόρος
828 1588 909 1658 οὗτος
927 1599 957 1651 έν
975 1603 1084 1670 γονέων
1101 1598 1210 1686 ὑπῆρχε
1230 1603 1280 1656 τοῦ

254 1673 407 1740 πατρικίου
426 1667 580 1740 Εὔγενείον
596 1672 646 1722 τοῦ
657 1672 857 1734 Μελισσηνοῦ,
876 1669 952 1723 διατί
966 1671 1021 1742 μέν
1038 1670 1053 1725 6
1071 1675 1202 1742 βασιλευς
1222 1679 1280 1726 Μι-

251 1733 324 1808 γαήλ
342 1738 358 1794 ό
375 1735 426 1806 τήν
442 1743 641 1813 προσηγορίαν
658 1739 791 1811 Ῥαγκαβὲ
806 1745 855 1794 καλ
872 1739 887 1794 6
904 1745 1051 1811 πατρίκιος
1061 1737 1175 1832 Μιχαήλ
1190 1743 1280 1798 661⁸-

253 1803 386 1876 λισσηνός
410 1809 539 1883 ὑπῆρχον
556 1809 738 1880 κασιγνήτων
760 1809 812 1863 δάο
832 1811 1047 1882 άποτοκεύματα
1071 1819 1120 1866 καὶ
1139 1813 1280 1886 απόγονοι

250 1879 300 1933 τοῦ
325 1880 458 1952 ῥηθέντος
475 1883 633 1949 Καίσαρος.
674 1881 756 1936 καλό
774 1880 830 1952 μὲν
853 1882 901 1948 τής
924 1883 1068 1950 βασιλείας
1091 1886 1206 1946 ἐξωθεὶς
1231 1891 1280 1940 καί
1351 1953 1355 1960 Ι

251 1951 284 2005 έν
302 1953 333 2024 τῇ
349 1951 428 2024 νήσφ
449 1952 554 2036 Πράτρ
571 1954 729 2022 έξορισθεὶς
755 1944 884 2023 μοναχός
900 1949 1054 2023 γενόμενος
1079 1949 1130 2010 τὸν
1147 1959 1210 2025 βίον
1226 1977 1280 2010 κα-

248 2024 350 2088 τέλιπε,
374 2018 424 2078 τόν
446 2023 479 2078 δὲ
504 2026 569 2079 υἱον
586 2021 675 2076 αὐτοῦ
703 2023 904 2093 Θεοφάλακτον
928 2021 985 2076 τάν
1013 2024 1200 2098 παιδογόνων
1222 2046 1279 2100 μο-

249 2099 322 2162 ρίων
337 2097 506 2166 έστέρησαν·
548 2098 597 2147 καλ
623 2089 714 2156 οὕτως
731 2090 767 2149 τά
795 2093 845 2148 τοῦ
867 2093 999 2164 Ῥαγκαβὲ
1013 2099 1101 2166 πέρας
1118 2099 1225 2168 έλαβον.
1262 2097 1278 2152 6

248 2163 281 2217 δέ
298 2172 446 2237 πατρίκιος
462 2162 577 2235 Μιχαήλ
603 2165 685 2234 ίσχεν
713 2159 794 2226 υόοός
818 2164 887 2230 δύο,
911 2165 1072 2254 Δημήτριον
1095 2173 1145 2222 καί
1172 2167 1277 2224 &66⁰-

245 2251 306 2290 τον.
349 2241 398 2290 καί
425 2235 441 2291 6
466 2237 521 2309 μέν
552 2234 731 2309 πατριάρχης
750 2235 905 2312 γενόμενος
927 2255 978 2304 την
1003 2239 1151 2304 ἐκκλησίαν
1177 2246 1276 2310 κυρίου

247 2309 364 2371 ἴθυνεν,
397 2306 495 2380 ὥσπερ
531 2309 560 2360 ολ
586 2311 653 2379 περὶ
679 2305 765 2364 αάτοῡ
800 2306 1000 2378 ἱστορήσαντες
1027 2309 1214 2381 γράφουσιν·
1260 2311 1276 2366 6

246 2377 278 2431 δλ
295 2379 452 2452 Δημήτριος
475 2379 564 2451 γεννᾷ
580 2378 759 2465 Νικηφόρον.
804 2377 819 2433 6
850 2379 880 2432 δὲ
905 2381 1072 2453 Νικηφόρος
1098 2382 1186 2453 γεννᾷ
1206 2381 1277 2436 Θεό-

245 2448 347 2516 δοτον,
371 2450 388 2506 ό
412 2451 444 2506 δὲ
469 2450 617 2521 Θεόδωρος
646 2470 697 2506 τον
722 2456 874 2523 πατρίκιαν
899 2452 1026 2519 Νικήταν
1051 2443 1101 2508 τόν
1128 2458 1177 2507 καί
1198 2452 1276 2509 Ῥοῦ-

245 2538 325 2591 φον·
363 2520 379 2576 6
403 2522 435 2577 δὲ
460 2520 582 2589 Νικήτας
597 2522 685 2593 γεννᾷ
712 2522 864 2593 Θεοφάνην
892 2514 942 2577 τόν
960 2528 1124 2591 πατρίκιον,
1158 2514 1209 2580 τόν
1226 2530 1275 2580 καλ

242 2593 519 2665 πρωτοβεστιάριον,
537 2592 747 2666 καλΝάσαρ.ό
776 2593 807 2647 δὲ
834 2593 983 2663 Θεοφάνης
1001 2594 1228 2716 Χριστόφορον,
1257 2596 1272 2650 6

245 2657 696 2736 δλΧριστόφοροςτόνμάῖστρον
706 2668 819 2719 Λέοντα
831 2664 1054 2731 καλΘεόληπτσν.
1068 2665 1082 2720 6
1095 2665 1155 2738 δὲμ
1177 2672 1273 2741 ΐστρος

242 2736 328 2789 Λέων
344 2738 432 2805 γεννᾷ
450 2736 614 2797 Θεοδόσιον,
632 2734 647 2789 6
668 2735 699 2790 δέ
721 2735 874 2794 Θεοδόσιος
887 2735 1095 2807 Θεοφύλακτον,
1115 2736 1130 2791 6
1152 2738 1182 2791 δὲ
1200 2740 1270 2793 Θεο-

240 2802 629 2950 ιίιιιιιιβνμο
642 2804 1039 2941 δεινοποιεῖν
1053 2798 1269 2952 mm

470 2915 478 2942 ,
1208 2916 1214 2930 .

242 2944 274 2999 δὲ
290 2951 408 3019 Καίσαρ
421 2948 588 3021 Νικηφόρος
603 2948 691 3019 γεννᾷ
703 2946 839 3015 Ἰωάννην
855 2942 906 3003 τόν
924 2948 1085 3022 Κομνηνόν.
1123 2948 1138 3003 6
1158 2949 1190 3004 δὲ
1208 2954 1269 3006 Ko-

239 3009 348 3088 μνηνός
361 3017 493 3086 Ἰωάννης
510 3020 598 3105 γεννρῖ
614 3018 742 3082 ἷίλέξιον.
778 3019 794 3074 ό
814 3020 845 3074 δὲ
860 3016 981 3083 'Al-lbos
995 3019 1084 3091 γεννᾷ
1104 3018 1267 3076 Θεοδόσιον.

239 3086 305 3143 όδλ
327 3090 479 3151 Θεοδόσιος
503 3108 591 3162 γεννςι
612 3088 735 3153 Ἀλέξων
762 3087 812 3146 τόν
836 3095 974 3161 Καίσαρα
995 3095 1044 3144 καλ
1063 3090 1193 3159 Μιχαήλ,
1219 3088 1268 3152 οὓς

237 3160 509 3234 Στρατηγοποάλοσς
521 3160 714 3234 έπωνόμαζον.
749 3160 765 3216 6
784 3162 941 3231 δλΚαίσαρ
960 3160 1080 3225 Ἀλέξιος
1096 3162 1184 3229 γεννά
1195 3162 1267 3233 Γρη.

236 3230 358 3302 γόριον,
385 3232 401 3287 6
433 3232 465 3287 δὲ
482 3234 538 3305 Γρη
561 3232 638 3304 δριος
656 3232 798 3305 Θεόφιλον
817 3238 867 3285 καί
884 3232 1002 3301 Μιχαήλ
1047 3231 1113 3287 όδὲ
1129 3212 1267 3305 Θεόφιλος

234 3302 325 3371 γεννᾷ
344 3306 466 3369 Λέοντα,
486 3304 503 3358 6
521 3253 645 3359 ‹6Aswv
660 3298 711 3359 τόν
726 3308 820 3375 μέγαν
835 3302 1076 3376 πρωτοστρότορα
1093 3304 1265 3375 Νικηφόρον

233 3377 284 3426 καί
302 3373 455 3447 Γεάργιον.
493 3373 559 3430 όδλ
573 3380 664 3447 μέγας
678 3371 908 3445 πρωτοστράτωρ
923 3378 994 3441 Νικη
1022 3376 1089 3447 όρος
1104 3376 1193 3446 γεννᾷ
1210 3380 1263 3430 Νι-

232 3442 346 3498 κόλαον.
382 3445 450 3512 ἧδὲ
471 3450 548 3500 αλτία
564 3446 612 3512 τής
626 3446 757 3512 τοιαύτης
773 3444 985 3514 έπιτροπικήςο
1021 3466 1057 3507 ως
1075 3439 1116 3512 ἦν.
1151 3444 1203 3501 τόν
1221 3452 1263 3503 εί-

233 3520 359 3587 ρημένον
374 3518 518 3573 Νικόλαον
534 3516 682 3579 ἀνεδέξατο
700 3519 731 3572 έκ
747 3516 798 3570 τοῦ
811 3522 891 3570 θείου
908 3522 1101 3590 βαπτίσματος
1120 3515 1135 3572 6
1156 3516 1262 3573 δεσπό-

231 3603 281 3651 της
299 3580 354 3657 κάρ
366 3587 521 3660 Θεόδωρος.
557 3591 589 3644 έν
606 3587 638 3642 δέ
653 3588 693 3660 τῷ
704 3586 878 3660 παρελθόντι
896 3588 960 3659 ἔαρι
974 3592 1082 3661 μέλλων
1098 3586 1260 3645 ἀποθανεῖν

232 3654 249 3709 ό
265 3662 357 3729 μέγας
373 3648 456 3719 οὗτος
471 3658 701 3747 πρωτοστράτυρ
708 3699 718 3725 ,
736 3664 786 3713 καλ
803 3658 829 3743 όΙ
841 3650 904 3720 υἱός
924 3659 1012 3715 αὑτοῦ
1030 3660 1170 3743 Νικόλαος
1184 3676 1259 3731 τριε·

229 3722 281 3792 τής
299 3726 360 3793 τόν,
384 3730 521 3797 διαθήκην
548 3744 673 3796 ποιησας
697 3734 777 3785 είασε
801 3748 852 3785 τον
877 3728 1016 3798 δεσπότην
1033 3749 1085 3801 κυρ
1108 3730 1258 3801 Θεόδωρον

228 3798 388 3922 ἵρίτρφπον
413 3806 463 3857 καί
486 3805 656 3875 κυβερνήτην
683 3807 733 3858 τοῦ
762 3803 952 3874 πνευματικοῦ
979 3802 1045 3857 νίοῡ
1062 3797 1152 3855 αὐτοῦ
1168 3805 1258 3858 Νικο-

248 3887 301 3925 αου
338 3907 346 3921 .

150 4004 251 4050 mum,
277 3990 353 4059 quod
372 3989 438 4043 olim
458 3990 566 4044 Cetaria
584 3990 747 4045 vocabatur:
768 3998 797 4042 et
817 4005 923 4043 omnem
941 3990 1020 4042 illum
1038 3996 1153 4043 tractum
1171 4006 1257 4063 unque

152 4059 194 4111 ad
214 4059 325 4126 Pyium,
342 4079 414 4131 quae
439 4063 518 4115 stila·
542 4062 660 4123 dicitur,
677 4073 707 4114 et
724 4071 800 4115 extra
816 4078 878 4113 ουια
902 4070 1017 4113 tractum
1034 4062 1175 4114 castellum
1191 4064 1254 4113 Ζοι-

150 4130 737 4199 natas‚(;a⁸titzam,1)iueistum,Melo,
757 4132 902 4185 Brachium
924 4141 953 4185 et
968 4131 1110 4184 Polianum
1131 4148 1190 4183 eum
1209 4134 1251 4184 λο-

151 4200 199 4253 ds
216 4200 354 4271 finitimi„
383 4204 497 4279 ἰαιαροτ
520 4206 613 4260 omnia
638 4202 741 4277 oppida
768 4212 798 4259 et
814 4203 928 4259 ττιίοΙΙτ
945 4202 980 4258 τό
996 4202 1084 4257 sinum
1102 4202 1250 4257 Μοιιοοίτ-
