3042 4900
469 332 545 391 ιιιι.
565 332 619 391 ιιι.
654 330 743 391 cur.
767 332 820 391 ιιι.
1112 301 1193 400 ndi

103 483 185 564 τράν
206 476 426 559 κατεσκεύασε,
443 478 558 553 πλάτος
580 476 718 559 ἔχουσαν
738 477 818 541 πολά
840 480 895 543 καί
917 472 1018 557 duoe-
1066 479 1195 541 ἐνέδυσε

105 585 139 644 δὲ
168 579 271 661 ου’την
302 574 423 641 ἔσωθεν
453 577 507 641 καί
534 574 652 655 ἔξωθεν
673 578 707 641 ἐκ
728 580 835 659 τρίτου
854 576 933 657 μετά
955 578 1121 659 βουβάλων
1141 578 1197 642 καί

105 682 186 759 βοοῖν
201 678 325 761 Ιδοριιῖν,
347 678 402 739 καί
420 676 559 757 πύργους
580 670 665 757 εἶχεν
686 670 810 739 άνωθεν
831 680 885 740 καί
905 676 1192 759 παραπετάσματα,

106 778 295 861 άναβάθρας
314 774 369 838 καί
382 771 597 856 καταβάθρας,
619 778 670 838 ἵνα
685 776 724 837 οδ
750 770 961 858 δυνησόμεθα
982 774 1054 851 τούς
1074 774 1195 842 ἔσωθεν

82 877 206 957 δαίτης
235 875 393 955 βλάπτειν.
443 869 509 955 εἶχε
532 876 567 937 δὲ
597 874 652 937 καί
671 872 706 938 τὸ
729 873 849 951 ἔξωθεν
880 878 976 955 μέρος
1005 876 1195 957 ἠνοιγμὲνον,

106 975 158 1038 ivo
179 971 298 1061 ῥᾳδίως
318 975 521 1055 είσὲρχωνταε
540 971 596 1036 καί
614 976 803 1054 ἑξέρχωνται
824 970 854 1037 οἶ
874 971 1071 1055 βουλόμενοι.
1114 973 1192 1039 κατά

109 1076 144 1137 δὲ
166 1070 202 1137 τδ
221 1075 320 1157 μέρος
342 1074 383 1134 δι’
408 1063 446 1135 οδ
469 1070 598 1151 ἔμελλον
621 1074 726 1136 ἐλθεῖν
746 1076 779 1136 ἐν
799 1076 842 1160 τῷ
862 1071 1029 1155 δράγμαει,
1050 1068 1116 1155 εἶχε
1136 1071 1195 1137 πά-

108 1180 167 1247 λας
184 1181 271 1255 τρεῖς
296 1166 435 1253 μεγάλας
458 1170 537 1251 μετά
569 1171 876 1253 παρασκεπάσματος
899 1174 1046 1255 σφοδρῶς
1069 1174 1196 1236 ἐνδεδυ·

107 1273 219 1353 μένας,
242 1270 285 1347 ὥς
305 1270 441 1351 εἴπομεν.
484 1264 569 1352 εἶχαν
583 1273 617 1334 δὲ
634 1269 755 1341 ἔσωθεν,
774 1272 829 1334 καί
847 1268 998 1335 κδκλοθεν
1019 1274 1082 1335 πάν
1102 1265 1196 1353 ἔργα·

70 1393 161 1435 ιονον
189 1373 246 1434 καί
273 1373 387 1452 τέχνην
406 1367 576 1452 πολεμικὴν
606 1373 661 1434 καί
688 1369 807 1447 πολλάς
838 1364 917 1447 iiiuc
946 1372 1000 1435 καί
1018 1369 1117 1451 ξύλα,
1142 1374 1195 1436 ἵνα

109 1469 250 1555 ῥίψουσιν
269 1472 303 1533 ἓν
322 1473 363 1556 τῷ
381 1466 496 1556 τάφρην
518 1471 552 1533 δν
571 1474 615 1555 τῷ
636 1469 821 1553 προσήκοντι
843 1473 952 1557 καιρηῖ,
974 1466 1056 1545 ὅπως
1078 1470 1197 1559 ῥᾳδίως

107 1571 304 1632 εἰσέλθωσιν.
347 1562 432 1651 εἶχον
453 1570 489 1632 δὲ
510 1573 662 1648 κλίμακος
682 1566 819 1649 ἔχουσας
831 1568 888 1644 τοὶς
906 1570 1069 1650 βαθμίδος
1081 1594 1193 1653 μηριν·Ι

107 1664 224 1743 θάδεις
255 1665 515 1749 δποχολουμδνας
539 1666 592 1731 διά
616 1665 728 1747 κάλων,
762 1668 816 1731 καί
837 1660 935 1742 αδθις
955 1660 1031 1755 ᾖρον
1050 1671 1127 1748 μίαν
1150 1671 1196 1746 είς

107 1762 203 1846 δ’ψος.
257 1769 505 1850 προσδεδομδνης
533 1775 599 1841 τοῖς
618 1771 736 1846 τείχεσι
762 1770 817 1829 καί
836 1764 938 1849 πάσης
962 1763 1070 1848 ἑτέρας
1090 1794 1195 1851 μηχα-

68 1868 178 1947 ιὸνῆς,
199 1862 239 1947 ἢν
264 1866 408 1949 η’δυνηθη
429 1864 601 1949 άνθροίπου
623 1869 698 1940 νοῦς
718 1869 839 1947 νοῆσαι,
863 1864 905 1939 nic
923 1866 980 1927 ουίι
1000 1860 1127 1948 ἤλπιζεν
1137 1873 1195 1949 βα·

107 1965 216 2037 σιλεάς
236 1986 323 2043 ποτε,
344 1967 401 2027 osis
422 1966 547 2049 ἐποίησε
566 1968 625 2028 τοῦ
639 1964 761 2028 άλῶσοιι
775 1962 809 2028 τό
834 1959 1000 2050 φρούριον.
1043 1963 1195 2048 ποιῆσαν.

105 2086 156 2140 τες
178 2065 214 2127 di
236 2066 292 2127 καί
311 2065 346 2127 ἐν
365 2057 484 2145 ἑτέροις
501 2066 631 2147 μέρεσιν
652 2064 776 2143 αἱμάξας
788 2063 869 2143 μετά
888 2064 1039 2128 πλείστων
1059 2069 1194 2151 τροχοῖν,

106 2163 164 2226 καί
183 2152 308 2226 άνωθεν
335 2160 380 2236 ὥς
408 2158 572 2244 πάργοος,
593 2166 650 2227 καί
675 2162 769 2226 οὗτοί
791 2164 991 2243 ἐνδεδυμένοι
1022 2160 1059 2227 δν
1078 2163 1194 2247 τρόπον

106 2257 251 2341 εἴπομεν.
306 2257 431 2343 ἔχοντες
462 2264 517 2325 καί
545 2261 637 2325 οὗτοί
662 2263 809 2337 πλείστας
835 2260 981 2351 μηχανάς
1002 2286 1194 2327 κατασκευα-

64 2363 242 2434 τοσθείσας
267 2358 350 2440 μετά
383 2362 442 2423 τοῦ
464 2358 566 2443 δγροῦ
587 2361 700 2445 πυράς,
721 2363 776 2424 καί
796 2364 830 2425 ἐν
845 2362 904 2449 μιᾷ
928 2356 997 2448 ιδρρι
1020 2360 1196 2446 ἡτοίμασαν

107 2461 161 2524 iro
182 2459 296 2538 πάντες
326 2457 385 2545 τὴν
412 2457 564 2546 σάρρηξιν
594 2456 663 2542 ἅμα
686 2461 871 2546 ποιήσωσιν.
923 2465 979 2525 καί
998 2463 1119 2547 πράτον
1136 2465 1196 2546 μὲν

178 2695 205 2730 n.
225 2680 335 2733 ἔσωθεν
351 2680 400 2731 καλ
417 2678 497 2731 omP
569 2682 609 2734 .3.
629 2679 773 2748 deotfrid
861 2681 885 2750 4.
904 2689 963 2742 τοῖς
981 2683 1089 2736 ἔσωθεν
1104 2681 1196 2752 πράτ-

176 2767 239 2805 τειν
257 2766 285 2800 τι
301 2749 389 2805 κακόν
409 2751 428 2800 Ρ
508 2752 534 2804 5.
553 2749 771 2822 άνεωγμίνονΡ
840 2753 866 2804 8.
885 2752 1159 2825 παρασκευάσματος
1178 2753 1197 2805 Ρ

181 2837 223 2872 ιι.
241 2818 280 2888 τῷ
298 2817 420 2891 δράματι
437 2820 499 2888 ἦτοι
515 2820 554 2889 τῷ
572 2819 675 2893 τάφρῳ
690 2822 710 2874 Ρ
783 2821 822 2890 sd.
835 2823 1063 2912 προσδεδωκίνιω
1079 2825 1098 2875 Ρ
1156 2823 1195 2876 rb.

176 2887 214 2957 ἣν
231 2887 282 2944 οὐκ
298 2888 380 2956 iri-P
468 2891 567 2956 ἐλπίζω
587 2893 607 2944 Ρ
695 2907 739 2944 no.
752 2885 833 2966 μετὰ]
852 2888 908 2950 νπό
928 2895 948 2948 Ρ

107 3077 175 3131 rotie
191 3083 349 3139 sustentem,
365 3076 395 3128 in
410 3077 502 3147 primis
517 3078 598 3129 istem
615 3085 645 3130 et
661 3076 761 3141 sitem,
775 3079 855 3146 lignis
878 3079 1015 3141 instruxit,
1029 3085 1111 3147 etque
1123 3079 1195 3128 intus

107 3157 137 3201 et
154 3155 231 3200 extre
250 3147 386 3216 triplicato
409 3149 482 3199 corio
507 3147 668 3199 bubeioiurn
693 3157 722 3201 et
739 3147 823 3200 bourn
847 3148 946 3200 induit.
964 3147 1084 3199 habebnt
1102 3147 1196 3198 eedem

107 3235 228 3288 superne
240 3225 327 3270 turres
350 3226 378 3269 et
396 3219 465 3281 rein,
481 3235 606 3270 ascensus
623 3220 689 3271 item
718 3226 746 3271 et
764 3219 921 3281 descensus,
940 3234 976 3270 ne
994 3219 1041 3287 qui
1060 3219 1134 3269 intus
1153 3233 1197 3269 es.

107 3298 168 3341 sent
187 3306 204 3339 e
222 3287 303 3340 nobie
330 3298 442 3358 possent
459 3288 541 3340 iaedi.
564 3289 675 3359 patebat
699 3307 781 3358 porro
801 3289 881 3352 soros,
900 3297 938 3350 ut,
959 3289 1006 3358 qui
1025 3289 1135 3352 vellent,
1155 3287 1197 3338 sa-

107 3361 159 3411 eile
177 3367 208 3411 et
225 3357 330 3427 ingredi
352 3367 381 3411 et
398 3359 490 3427 egredi
517 3368 635 3429 possent.
653 3363 682 3411 in
702 3376 733 3410 ea
758 3368 850 3411 eutem
870 3366 960 3428 purte,
980 3375 1033 3428 qua
1051 3361 1080 3410 in
1098 3359 1196 3411 fossum

105 3430 212 3482 intrare
232 3429 350 3492 vellent,
377 3437 432 3481 tres
458 3446 570 3498 magnae
596 3440 691 3499 portae
717 3439 810 3492 erent,
828 3439 996 3497 tegumento,
1021 3438 1052 3482 ut
1074 3429 1198 3493 diximus,

105 3499 193 3571 probe
217 3499 350 3551 obtectae.
370 3501 400 3550 in
419 3501 532 3552 circuitu
551 3503 625 3553 iutue
645 3509 674 3553 et
700 3510 774 3552 extro
800 3499 931 3569 disposita
948 3509 1026 3552 erent
1045 3503 1136 3553 omnia
1152 3517 1200 3568 ge-

105 3589 172 3622 nera
192 3566 358 3623 bellicorum'
367 3571 606 3623 instrumentorum
627 3579 655 3622 et
664 3572 856 3632 machinarum,
874 3571 1000 3622 materiae
1019 3580 1047 3623 et
1066 3572 1199 3640 lignorurn

105 3658 204 3710 magna
226 3642 313 3708 eopia,
332 3657 403 3711 quae
421 3651 573 3711 opportuno
592 3650 715 3710 tempore
738 3643 769 3693 in
788 3641 884 3692 soseem
903 3640 1064 3704 deficerent,
1083 3641 1200 3714 quobu-

105 3710 206 3764 bereut
223 3711 336 3762 aditum.
355 3711 496 3764 hebebant
508 3713 593 3763 scoies
610 3712 735 3780 gradibus
751 3713 882 3780 stuppeis,
900 3727 970 3780 quse
988 3729 1036 3780 per
1054 3713 1132 3762 funes
1152 3709 1202 3762 de·

105 3781 288 3835 mittebantur
305 3789 334 3832 et
350 3799 441 3833 rursus
459 3783 488 3833 in
517 3783 601 3834 eitum
620 3781 804 3835 trahebantur.
830 3779 1042 3834 admovebantur
1061 3780 1202 3832 moenibus

103 3862 250 3922 praetereo
265 3852 336 3901 etiae
352 3867 446 3903 ornnes
456 3852 604 3916 mnebinee,
624 3869 689 3922 quer
710 3853 864 3921 excogitare
880 3868 955 3904 mens
973 3851 1090 3902 humens
1102 3859 1202 3920 potest,

125 3924 203 3976 unies
225 3937 365 3991 nunquam
375 3923 493 3974 risurum
511 3941 540 3974 ee
558 3939 616 3974 esse
634 3931 789 3992 speraverat
806 3923 954 3992 imperator
971 3938 1021 3973 nec
1039 3919 1073 3972 od
1091 3923 1203 3990 cupien-

106 3939 169 4045 dnm
190 3992 336 4044 castelium
354 3992 468 4062 aliquod
489 3993 548 4062 ipse
568 3994 678 4045 iecerat.
707 3993 831 4044 febrienti
858 4001 922 4044 eunt
940 3993 1096 4044 etiemeliis
1111 3993 1140 4043 in
1158 3992 1203 4044 lo.

105 4065 143 4115 eis
161 4079 259 4115 eurrue
283 4063 351 4115 rotie
375 4061 519 4131 permultis
540 4071 569 4114 et
594 4078 710 4133 superne
732 4061 852 4115 turribus
871 4063 1017 4113 instructos
1036 4070 1064 4114 et
1084 4078 1126 4126 eo,
1147 4079 1202 4132 quo

106 4133 244 4196 diximus,
273 4132 355 4183 modo
372 4132 509 4193 munitos,
530 4147 669 4202 quumque
694 4141 722 4185 et
739 4134 793 4203 ipsi
810 4131 947 4183 machinas
971 4131 1100 4201 plurimos
1117 4133 1204 4185 babo·

106 4205 274 4275 tentigine,
301 4203 349 4274 qui
374 4218 431 4255 non
458 4201 632 4272 extinguitur,
652 4204 781 4275 repletos,
799 4203 848 4257 bae
871 4210 1082 4273 compererunt,
1099 4211 1131 4256 ut
1148 4220 1203 4256 eu
1298 4223 1308 4244 ι
