3042 4900
510 300 587 364 ιιι.
617 301 642 362 1.
674 291 825 366 cuein.
1166 267 1214 354 15

115 445 181 532 χρῆ
210 447 328 529 λέγεενς
366 443 396 510 οἱ
415 443 529 523 πάντες
560 439 662 514 osiris·
682 447 889 533 έψηρελιαντο.
937 443 1022 513 οῦτοι
1041 445 1097 511 καί
1117 445 1135 510 o‘
1155 469 1218 510 ne·

116 545 268 632 τριάρχης
289 543 388 611 asiais
411 547 586 628 ἐβεβαίωσε
607 547 663 612 καί
682 545 860 632 σύμψηφον
880 550 1037 628 ε’ποιείτο,
1055 549 1116 622 ἓως
1138 537 1177 608 οῦ
1199 544 1217 610 ῦ

114 649 173 712 σοῦ
192 648 348 728 βασιλέως
372 654 448 722 παῖς
468 643 581 732 φθάσῃ
604 648 638 714 έν
658 644 768 734 ἡλικίᾳ
788 647 829 733 τῇ
848 645 1063 733 προσηκούσῃ.
1105 643 1161 710 καί
1178 639 1219 728 ἦν

116 744 171 812 ἐπέ
190 749 253 810 raia
271 747 387 810 κοινοῦν
407 743 605 828 πραγμάτων
627 747 715 833 παίσῃ
736 746 865 833 ἐξονσίρι
884 749 1095 826 διεζωσμένος
1115 742 1220 810 dila·

87 842 279 926 ὅλαιολῦγος
303 844 321 908 d
343 841 501 930 Μεχαὴλ·
555 843 612 912 καί
638 841 722 929 αῦτη
750 844 885 929 ἧαίτια
913 849 1034 928 γίνεται
1064 843 1145 932 πρὸς
1164 843 1256 921 τῦν5

114 942 257 1026 Μιχαὴλ
277 946 333 1026 τῆς
356 946 403 1018 εἰς
423 942 591 1026 βασιλείαν
621 943 788 1028 ἀναγωγῆς
818 948 875 1010 καί
892 942 1096 1019 κατάποσις.
1136 941 1220 1024 μετὰ

114 1047 152 1110 δέ
173 1067 261 1116 τινας
283 1043 408 1126 ἡμέρας
428 1041 523 1110 πάλιν
536 1039 646 1129 ἑτέρας
661 1041 812 1130 μηχανὰς
833 1043 1009 1128 ῥῦπτοασιν
1027 1041 1058 1109 οἱ
1078 1045 1221 1136 σπονδαὶ·

114 1147 222 1221 ζοιτες
251 1137 449 1224 ἀναβιβάσαι
469 1139 569 1208 osiris·
597 1145 645 1218 τίς
674 1142 734 1227 τὴν
761 1147 819 1227 τῆς
844 1143 1014 1224 βασιλήιος
1047 1139 1223 1228 περιωπήν.

114 1239 236 1324 βονλην
253 1239 368 1323 καινὴν
389 1241 451 1308 daei
470 1245 570 1323 μέσον
590 1243 697 1310 αῦταῖν
712 1239 903 1325 ποιήσαντες
915 1240 1023 1326 ἔλεγον
1039 1239 1075 1306 ἔν
1085 1265 1118 1307 τε
1141 1247 1223 1306 πλα-

67 1344 216 1430 ιοτιίαις
237 1340 293 1407 καί
313 1336 431 1424 ῥύμαις
444 1340 524 1406 “osia
544 1338 613 1408 ihre
632 1344 753 1427 πρέπον
774 1341 852 1408 oaldi
871 1338 1107 1410 δίκαιοντῦντιὶ
1131 1340 1221 1407 κοινὰ

112 1441 294 1506 διοικοῦντα
322 1441 495 1523 πράγματα
525 1445 582 1508 καί
602 1438 774 1527 πρεσβείας
799 1441 905 1506 teser
924 1443 1050 1506 πολλῦν
1070 1438 1222 1524 α’ναέιχῦ-

110 1559 209 1619 μενον
238 1535 284 1620 μη
312 1533 399 1620 ἔχειν
424 1541 484 1604 καί
497 1563 527 1605 τι
559 1539 688 1622 ἀξίωμα
717 1542 801 1622 μέγα
832 1536 928 1622 έγγῦς
951 1542 1009 1624 τῆς
1037 1541 1222 1620 βασιλείας,

109 1635 168 1702 ἵνα
196 1640 322 1720 πρῶτον
351 1633 464 1722 ἔσομαι
492 1637 584 1725 φήμη
614 1640 672 1706 καί
699 1642 956 1724 μεγαλοπρέπεια
984 1641 1029 1726 τῷ
1055 1640 1140 1720 γένει
1158 1640 1225 1703 τῦν

104 1734 282 1819 Ῥωμαίων
302 1739 359 1804 καί
376 1737 550 1820 βεβαίασες
576 1740 633 1823 τῆς
663 1739 728 1804 τοῖν
748 1742 922 1822 γινομένων
944 1740 1170 1812 καταστάσεως
1189 1740 1226 1803 ἐκ

65 1843 178 1912 ritate
198 1833 340 1905 iescae?
358 1835 440 1918 μετὰ
460 1836 592 1924 τοιαύτη
614 1834 677 1921 γὰρ
706 1837 794 1925 αἰτίη
813 1839 870 1902 καί
888 1832 1152 1923 ῦποκεκρομμίνη
1173 1839 1225 1902 έν-

108 1939 182 2024 νοίηι
203 1933 260 2002 καί
278 1934 312 2002 τὰ
337 1934 523 2002 δεσποτικὸν
552 1935 681 2018 ἀξίωμα
702 1937 835 2019 δέχεται
854 1933 965 2023 γνώμη
987 1939 1047 1999 τοῦ
1067 1940 1151 2003 λαοῦ
1169 1939 1228 2002 καί

108 2038 172 2100 τοῦ
191 2035 394 2119 πατριάρχου
409 2039 466 2101 καί
481 2036 540 2102 τοῦ
561 2037 744 2119 δυστυχοῦς
760 2032 955 2120 κληρονόμον
968 2038 1024 2119 τῆς
1042 2039 1223 2116 βασιλείας.

110 2138 178 2220 (a.)
204 2131 239 2200 ἓν
267 2134 399 2213 ἐκείνοις
427 2137 464 2200 δὲ
483 2143 550 2214 τοῖς
579 2145 704 2219 καιροῖς
725 2133 766 2200 τὰ
784 2137 940 2216 βασιλεια.
953 2130 1042 2201 καίῦ
1065 2131 1224 2219 πατριάρ-

6 2263 7 2304 l
105 2259 172 2320 χης
195 2237 230 2300 έν
253 2239 374 2322 Νικαία
403 2237 460 2316 τῆς
479 2237 642 2311 Βιθννελις
672 2231 801 2319 ῦπῆρχε
821 2231 877 2299 tri
898 2232 934 2300 τῦ
956 2239 1147 2319 κρατεῖσθαι
1163 2233 1224 2320 την

60 2336 175 2402 ιστεῦν
196 2332 322 2398 πόλεων
340 2333 579 2426 βασιλεύουσαν
606 2329 670 2398 sind
692 2337 757 2400 ταῖν
774 2328 917 2400 ’testata
958 2339 1077 2420 καιροῦ
1097 2337 1134 2400 δέ
1158 2359 1222 2401 πα-

188 2514 211 2545 ι.
234 2512 318 2567 nerp-
347 2496 463 2566 στέρξας
487 2499 536 2549 καί
554 2494 651 2569 σῦμψη
679 2513 714 2551 ον
740 2488 844 2552 ἑαυτὸν
862 2494 993 2559 ἐποιεῖτο,
1015 2497 1064 2551 ἵνα
1084 2496 1218 2571 μέχριςῦ

183 2566 235 2620 τοῦ
253 2572 279 2634 β.
298 2561 360 2627 υίὸς
376 2596 413 2607 -
429 2566 627 2639 προσηκούσῃ,
646 2512 711 2641 ⁸illd
788 2570 813 2636 4.
831 2566 933 2624 πᾶσαν
950 2570 1121 2630 ἔξουσίανλ)
1192 2568 1217 2619 5.

1128 2658 1147 2693 ν

182 2706 292 2776 ἐγένετο
313 2702 410 2773 πριῦτη
428 2701 547 2788 ἱνιρὸςΡ
623 2770 629 2778 ⁴
664 2724 690 2777 9.
707 2706 739 2767 ὲν
765 2716 827 2767 ταῖς
851 2708 997 2768 πλατείαις
1015 2711 1065 2762 καὶ
1083 2704 1218 2781 ῥίμαεςΡ

186 2794 225 2829 ιο.
242 2780 292 2831 καὶ
309 2776 439 2831 πολιτικα
459 2793 542 2846 ευριπ
559 2770 681 2835 αοινίιΡ
779 2796 818 2831 τι.
836 2784 969 2851 πρέσβεις
986 2778 1016 2830 Μ
1106 2782 1146 2831 ιλ.
1167 2782 1219 2834 τοῦ

181 2846 321 2919 yervasii
375 2848 413 2915 ¹4·
432 2847 597 2917 βεβαιώσεις
613 2849 670 2905 τῶν
689 2853 853 2923 γενομένων
873 2849 1078 2905 καταστάσεσιν
1096 2844 1169 2922 μετὰ
1187 2852 1218 2903 Μ

187 2922 229 2974 ι5.
248 2918 283 2973 δι’
300 2912 334 2983 ἣν
355 2920 450 2972 αἰτίαν
465 2923 515 2973 καλ
533 2916 784 2994 ὑποκεκρυμμίνσν
800 2922 916 2977 ἔννοιαν
938 2920 959 2973 Ρ
1019 2938 1062 2974 ao.
1081 2937 1096 2972 a
1114 2922 1217 2994 καιροῦ

181 2996 264 3060 caput
280 2989 397 3041 alterurn
416 2988 517 3059 incipit
532 2991 552 3043 P
944 2990 948 3006 “

107 3126 166 3179 que
184 3108 391 3163 multitudinem
421 3112 637 3165 necessariarum
656 3120 756 3181 perrtra
776 3128 898 3181 insigms.
921 3110 991 3182 quid
1008 3112 1117 3167 multa?
1133 3129 1215 3167 omne

107 3180 220 3233 screbat
256 3189 374 3233 unctum.
393 3196 448 3249 qua
467 3198 495 3233 re
516 3182 600 3235 etiarn
620 3183 791 3246 factumest,
810 3192 842 3237 ut
874 3184 1007 3235 atriarcha
1024 3200 1087 3235 eum
1105 3201 1215 3253 promo.

106 3260 188 3303 reret
207 3198 315 3321 sihique
346 3249 481 3320 deligeret
506 3255 627 3307 muneris
653 3262 823 3318 consortem,
866 3271 934 3307 onec
951 3254 1123 3324 imperatoris
1140 3256 1214 3308 filius

106 3324 210 3377 iustam
240 3330 357 3375 aetatem
387 3324 530 3391 attigisset
559 3325 655 3395 itaque
673 3324 801 3377 .Michael
817 3324 995 3392 Palaeologus
1023 3326 1062 3376 rei
1087 3326 1215 3395 publicae

6 3422 7 3451 t
106 3410 240 3447 summam
267 3402 363 3447 nactus
394 3402 436 3445 est
460 3402 642 3463 potestatem,
670 3412 785 3467 eamque
802 3394 926 3449 habebat
944 3398 1114 3448 occasionem
1132 3413 1215 3448 occu.

106 3464 194 3534 pandi
219 3465 336 3536 imperii.
365 3481 428 3517 nam
459 3464 558 3519 diebus
576 3467 684 3536 aliquot
704 3475 767 3537 post
786 3484 879 3519 rursus
897 3466 966 3519 alias
985 3468 1137 3520 moliuntur
1155 3485 1215 3519 mn.

105 3536 221 3599 chium,
244 3536 293 3605 qui
324 3535 359 3587 ad
384 3536 523 3605 fastigium
540 3539 650 3608 imperii
667 3555 728 3591 eum
755 3538 871 3591 evehere
888 3537 1058 3591 nitebantur.
1075 3541 1213 3591 communi

105 3608 225 3660 consilio
241 3608 273 3659 in
284 3606 384 3676 plateis
400 3607 524 3677 vicisque
537 3606 714 3673 dictitabant,
732 3625 789 3661 uon
808 3606 906 3661 decere
923 3625 976 3660 nec
992 3610 1127 3679 aequitati
1148 3626 1215 3661 con·

104 3687 269 3731 sentaueum
292 3693 359 3739 esse,
376 3680 426 3748 qui
444 3695 552 3731 omnem
571 3679 774 3733 administraret
790 3695 846 3731 rem
859 3679 1000 3749 publicana
1010 3680 1214 3750 multarumque

103 3752 229 3819 gentium
249 3748 402 3817 legationes
420 3750 574 3821 exciperet,
594 3767 655 3804 eum
671 3768 727 3803 non
748 3748 883 3819 dignitate
901 3750 1036 3819 insignem
1057 3766 1125 3813 esse,
1143 3767 1215 3821 quae

103 3838 194 3890 prope
205 3818 351 3872 accederet
359 3818 394 3873 ad
405 3820 563 3891 imperium:
574 3821 603 3875 id
615 3822 689 3893 quod
700 3822 816 3893 primurn
828 3821 1024 3891 adaugendam
1034 3821 1147 3891 gloriam
1158 3838 1216 3873 am-

102 3890 332 3961 plitudinemque
343 3890 521 3945 homanorum
537 3894 670 3947 lactumm
682 3900 763 3956 esset,
780 3891 882 3945 deinde
900 3894 1044 3962 pactiones
1055 3909 1116 3945 cum
1134 3901 1217 3945 eate-

102 3963 142 4015 ris
162 3962 294 4031 gentibus
315 3962 396 4013 initas
407 3963 634 4015 confirmaturum.
654 3982 687 4017 ex
702 3964 753 4016 tali
766 3964 848 4031 igitur
860 3981 942 4016 causa
956 3972 985 4017 et
1002 3963 1131 4015 simulato
1149 3980 1217 4017 con-

102 4034 170 4085 silio
190 4032 326 4103 despotae
348 4033 479 4085 honorem
505 4034 680 4103 adipiscitur,
705 4051 838 4087 consensu
856 4034 972 4105 populi,
988 4032 1160 4105 patriarchae
1187 4043 1218 4087 et

101 4103 226 4157 infelicis
254 4102 366 4155 heredis
392 4104 509 4173 imperii.
559 4105 608 4174 (a.)
634 4106 684 4157 illo
709 4113 833 4175 tempere
858 4106 968 4176 imperii
997 4114 1026 4157 et
1045 4104 1217 4174 patriarchae

100 4175 184 4229 sedes
206 4175 330 4228 Nicaeae
357 4175 386 4227 in
408 4174 536 4243 Bithynia
555 4182 633 4241 erat,
657 4176 736 4247 Cpoli
765 4176 801 4228 ab
819 4177 897 4229 italis
925 4184 1065 4248 occupata·
1091 4184 1216 4244 tempore
