3042 4900
460 309 536 370 ιιιι.
560 311 614 371 ιιι.
646 311 734 374 (ιιι.
755 315 824 376 ιιι.
1106 290 1190 377 ο85

90 451 209 518 ἕποντο
226 453 263 518 δὲ
282 453 369 540 αιίτηῑ
381 456 436 519 καί
453 453 552 538 ἕτερον
571 453 651 522 ιάσεί
664 459 842 544 τριάκοντα,
866 458 922 542 τήν
942 459 1076 544 άνδρίαν
1092 465 1192 550 ζηλό-

90 575 222 627 σαντες.
266 547 295 615 οἷ
317 552 352 616 δὲ
372 553 631 632 ἐναπομείναντες
652 553 800 642 ἡμέτεροι
814 561 850 624 ἐν
869 563 913 647 τῷ
934 564 1032 643 τείχει
1049 563 1191 629 κατεκάν-

90 654 184 730 τιζον
208 648 329 725 αδτοδς
363 653 418 715 καί
446 658 571 734 βέλεσιν
601 652 733 736 ἔβαλλον
753 659 811 722 καί
834 659 944 734 λίθους
963 661 1191 746 δπερμεμεθεῑς

91 747 225 814 ἐκάλεον
247 752 314 815 κατ’
337 749 458 816 αὐτοῖν·
481 754 556 817 δέκα
578 758 634 819 καί
658 753 740 821 σ’κτω
762 758 796 834 ἐξ
816 757 922 823 αὐτῶν
943 752 1190 843 άπεκρήμνισαν.

63 847 109 922 5δ
136 851 177 912 δὲ
198 847 351 933 Χασάνης
371 849 410 913 δέ
429 849 584 938 πρότερον
607 855 722 937 ἐπέσχε
746 855 804 938 τήν
825 854 968 943 δρμήνή
989 862 1135 926 α’νελθεῐν
1154 867 1190 928 έν

90 955 162 1022 τοῖς
185 952 304 1031 τείχεσι
320 949 376 1012 καί
386 953 571 1034 τρέψασθαι
589 952 664 1030 τοάς
685 950 866 1038 ἡμετέρους.
890 958 982 1041 ἡνίκα
1004 963 1079 1043 γοῦν
1098 961 1190 1048 έκρά-

90 1069 171 1128 τησε
204 1049 260 1128 τῆς
293 1048 535 1133 ἐπιχειρήσεως,
565 1055 620 1116 καί
652 1051 752 1137 ἕτερον
782 1054 894 1118 πολλοί
919 1057 1191 1144 ἀκολουθήσαντες

92 1145 273 1230 α’νήρχοντο
293 1149 338 1221 εἰς
360 1145 395 1210 τά
418 1157 530 1231 τεῖχος.
582 1154 638 1216 καί
656 1153 732 1230 τσάς
753 1154 982 1235 ἀναβαίνοντας
1005 1159 1064 1222 οδκ
1083 1158 1189 1247 ἔφθα-

94 1267 158 1308 σαν
183 1240 317 1308 κωλάειν
337 1243 366 1310 οἱ
386 1247 533 1330 ἡμέτεροι
562 1250 616 1314 διά
638 1250 695 1335 τήν
717 1251 894 1339 ὀλιγότητα·
936 1252 966 1318 σί
988 1259 1023 1322 δέ
1044 1264 1189 1342 πολέμιοι

49 1345 221 1428 ,οπλῆθιις
242 1335 334 1426 ήσαν.
388 1353 454 1421 τοῖς
476 1348 513 1410 δὲ
532 1347 670 1432 ἀναβᾶσι
691 1355 924 1431 συμπλέκοντες
943 1351 1113 1438 ἐμάχοντο,
1134 1364 1191 1425 καί

93 1436 135 1524 ἡν
165 1441 362 1536 ου’κκόλίγος
386 1446 494 1510 ου’τοῖν
526 1445 669 1534 δφόνος.
712 1452 769 1514 καί
795 1448 813 1514 δ
835 1452 987 1538 Χασάνης
1007 1456 1189 1540 μαχόμενος

92 1541 332 1627 προσπαισθείς
359 1547 459 1634 πέτρρ
491 1544 556 1611 τινί
588 1552 769 1613 κατέπεσεν.
826 1552 1068 1638 ἐπιστραφέντες
1096 1559 1133 1622 δὲ
1159 1555 1190 1623 οἱ

91 1641 247 1726 ἡμέτεροι
269 1645 324 1706 καί
345 1641 467 1720 ἰδόντες
486 1643 585 1710 αδτάν
612 1651 755 1728 κείμενον
776 1652 905 1731 πέτραις
922 1649 1054 1734 ἔβαλλον
1073 1653 1191 1721 πάντο·

91 1745 175 1808 θεν·
221 1741 240 1806 δ
263 1743 298 1806 δὲ
318 1746 363 1817 εἰς
384 1739 460 1826 γόνυ
476 1745 647 1823 διαναστάς
666 1745 810 1829 ἠμύνετο,
830 1747 893 1812 δπό
913 1752 949 1814 δὲ
968 1756 1026 1816 τοῦ
1047 1751 1191 1838 πλήθους

50 1843 157 1912 ιᾶτῶν
185 1838 378 1925 τραυμάτων
397 1847 536 1928 παρείθη
555 1841 614 1928 τήν
642 1843 748 1922 δεξιάν
767 1849 825 1910 καί
842 1850 1031 1934 κατεχώσθη
1051 1861 1115 1930 τοῖς
1133 1857 1189 1936 βέ·

92 1948 177 2006 λεσι.
231 1941 289 2005 καί
319 1940 421 2026 ἕτερον
455 1943 565 2007 πολλοί
595 1943 835 2030 ἀπεκτάνθησαν
863 1947 920 2010 καί
936 1946 1115 2033 ἐπλήγησαν
1135 1957 1191 2018 καί

92 2041 204 2106 ἕνεκεν
231 2045 293 2106 τοῖν
325 2039 517 2126 τραυμάτων
550 2041 630 2126 πρὸς
656 2045 691 2108 τό
721 2043 933 2125 στρατόπεδον
960 2048 1189 2133 έκομιλιθησαν.

94 2136 164 2207 εἶτα
188 2146 341 2206 τοσοῦτον
373 2140 497 2225 α’ναβάν
523 2139 558 2206 τά
579 2146 700 2226 πλῆθος
721 2146 786 2208 τῶν
805 2144 964 2225 πολεμίοιν
982 2143 1058 2222 τοάς
1077 2143 1191 2232 ἡμετέ·

95 2263 174 2320 ρους
200 2243 426 2322 διεσκέδασαν,
456 2241 511 2306 καί
530 2242 663 2326 α’φὲντες
692 2239 767 2318 roric
786 2238 906 2320 ἔξωθεν
925 2247 1050 2328 τείχους
1069 2244 1191 2314 ἔσωθεν
1253 2262 1257 2272 “

47 2338 150 2406 τοδιά
175 2342 236 2422 τῆς
257 2338 356 2424 πάλης
377 2337 503 2424 ἔβαινον
522 2343 759 2417 καταπατοῖντες
778 2335 825 2418 εἷς
844 2345 900 2408 τὸν
921 2343 1037 2426 ἕτερον.
1086 2349 1190 2412 ταάτα

93 2442 130 2505 δὲ
153 2433 258 2515 οὕτως
274 2437 385 2521 ἔχοντα
399 2443 455 2504 καί
474 2440 564 2527 φωνή
578 2465 627 2517 τις
648 2442 766 2526 ἐρρέθη
781 2438 902 2508 ἔσωθεν
921 2448 978 2508 καί
996 2441 1117 2525 ἔξωθεν
1135 2448 1193 2512 καί

92 2545 129 2605 έκ
150 2542 216 2603 rori
234 2538 352 2623 μέρους
372 2543 429 2605 τοῦ
446 2542 571 2622 λιμένος
585 2540 605 2566 “
615 2536 698 2605 ἑάλω
712 2539 747 2605 τά
771 2541 935 2628 φρούριον,
957 2545 1015 2609 καί
1032 2544 1071 2611 τά
1092 2549 1191 2631 στρα-Δ

92 2637 208 2723 τήγεια
228 2642 285 2703 καί
303 2637 343 2703 τά
367 2648 489 2722 σημαῖα
509 2634 633 2705 ἄνωθεν
652 2642 687 2705 έν
706 2649 772 2717 τοῖς
791 2639 923 2727 πάρμοις
947 2640 1117 2730 ἔστησαν.”
1136 2643 1193 2711 καί

93 2736 233 2828 ἦφωνή
252 2736 328 2817 τοάς
359 2740 532 2827 ἡμετέρους
558 2742 730 2825 ἐτρέψατο,
764 2738 840 2818 τοάς
872 2746 909 2809 δὲ
929 2745 1097 2828 πολεμίους
1115 2745 1190 2811 α’νε·

170 2911 213 2979 ιή.
234 2909 359 2996 ἰμείχετο
377 2909 420 2972 Μ,
439 2910 603 2981 turpatum
619 2910 639 2963 P
753 2912 793 2963 ι6.
813 2912 1005 2987 ἔτινίγησανΡ
1110 2912 1188 2983 τὴἡ

167 2980 264 3053 φωνή]
283 2999 314 3035 το
333 2980 514 3055 στρατήγημα
530 2982 550 3033 Ρ

93 3128 196 3193 cessit,
214 3126 322 3178 circiter
339 3126 449 3196 triginta
470 3127 575 3181 virtutis
595 3126 707 3179 aemulis
725 3126 912 3196 sequentibus.
934 3126 1020 3179 nostri
1031 3134 1190 3179 manserunt

92 3202 122 3253 in
140 3214 240 3261 muro,
261 3212 362 3267 eosque
390 3198 485 3249 iaculis
505 3204 533 3248 et
558 3196 703 3266 grandibus
720 3197 792 3249 senis
810 3204 974 3268 exceperunt
991 3206 1074 3267 atque
1094 3195 1188 3249 decern

95 3280 124 3323 et
148 3278 214 3323 octo
245 3267 431 3321 deturbarunt.
459 3284 551 3319 verum
576 3267 711 3319 Chosnues
739 3284 795 3319 uon
821 3268 896 3337 prius
915 3268 1019 3319 remisit
1036 3270 1188 3337 impeturn,

94 3358 198 3411 quam,
220 3356 328 3391 escenso
348 3356 439 3401 muro,
456 3346 563 3391 nostros
586 3338 701 3407 fugaret.
730 3347 875 3408 postquam
899 3338 983 3404 igitur
1000 3354 1065 3389 auso
1085 3340 1189 3408 potitus

94 3420 154 3475 ost,
174 3411 258 3463 etiarn
286 3409 364 3461 multi
384 3411 441 3473 alii,
468 3426 528 3461 eum
547 3410 642 3471 secuti,
669 3410 697 3460 in
716 3426 821 3460 murum
841 3406 1001 3471 evadebant,
1015 3426 1084 3479 quos
1103 3411 1189 3463 nostri

93 3490 211 3552 propter
239 3482 403 3549 paucitatem
425 3480 570 3549 probibere
599 3496 655 3533 non
673 3488 809 3549 poterant,
838 3496 921 3549 quum
941 3480 1060 3532 hostiurn
1077 3497 1189 3549 magnus

93 3568 227 3606 numerus
252 3559 332 3603 esset.
351 3550 485 3621 proelium
508 3560 600 3602 tamen
619 3566 678 3601 cum
697 3550 740 3613 iis,
760 3550 1016 3619 quiescendum,
1044 3554 1189 3605 commisc-

93 3635 159 3678 runt
177 3631 210 3676 et
234 3638 291 3673 non
308 3623 430 3691 exiguam
449 3623 478 3674 in
496 3637 542 3674 coe
570 3618 718 3671 ediderunt
737 3619 855 3673 caedem.
875 3621 934 3690 ipse
953 3619 1097 3685 Cbosunes,
1114 3625 1189 3675 inter

92 3693 275 3765 pugnandum
296 3710 359 3745 suno
379 3696 505 3757 offensus,
522 3690 677 3761 procubuit.
700 3706 782 3760 quern
801 3708 883 3759 quum
902 3694 1024 3744 conversi
1041 3694 1125 3745 nostri
1145 3694 1190 3743 ia-

93 3775 206 3819 centem
223 3764 328 3827 ιίδειιι,
346 3762 452 3834 lapides
473 3762 594 3832 undique
611 3763 641 3813 in
658 3778 719 3813 eum
738 3761 895 3813 coniiciunt.
914 3762 963 3813 iile
984 3764 1112 3831 ingenua
1128 3764 1189 3815 eni-

94 3854 158 3901 sus,
179 3834 340 3907 pugnabat,
367 3832 415 3886 sed
434 3850 497 3885 mox
514 3833 651 3902 plagarum
672 3830 849 3883 multitudine
876 3833 1000 3884 munibus
1017 3833 1141 3901 elanguit
1160 3841 1190 3886 et

94 3910 159 3961 telis
181 3907 297 3960 obrutus
316 3913 365 3957 est.
391 3904 470 3956 multi
490 3906 554 3956 itern
572 3903 620 3954 alii
639 3910 687 3953 unt
704 3900 795 3964 occisi,
814 3909 863 3953 aut
878 3904 1012 3955 vulnerati
1031 3911 1060 3954 et
1078 3912 1190 3973 proptor

93 3980 190 4049 pingue
211 3978 240 4029 in
260 3985 345 4027 castro
368 3976 497 4042 asportati
519 3982 590 4026 sunt.
615 3972 727 4024 tandem
747 3971 839 4023 hostes
857 3975 1013 4025 catervatim
1031 3989 1109 4024 muro
1138 3991 1190 4044 po-

93 4052 148 4114 titi,
166 4058 277 4102 nostros
294 4046 468 4113 dissiparunt,
486 4046 551 4113 qui,
570 4043 673 4095 relictis
692 4042 874 4093 exterioribus
891 4043 1043 4104 moenibus,
1059 4060 1109 4112 per
1124 4062 1190 4113 por.

94 4128 150 4173 torn
171 4124 201 4173 in
222 4118 318 4169 urbem
339 4114 516 4184 irrumpentes
538 4114 652 4164 invicem
673 4112 1190 4184 seconculcsbsnt.baecdu1nagun-

94 4200 159 4255 tur,
191 4192 268 4243 intus
287 4196 315 4241 et
333 4194 408 4237 extra
428 4192 456 4234 et
482 4182 515 4235 sd
533 4193 639 4253 portum
657 4183 789 4235 clamatur
809 4182 906 4253 “captu
932 4193 974 4235 est
992 4202 1049 4248 orn,
1067 4187 1143 4252 signa
1161 4194 1190 4239 et
