3042 4900
316 302 403 406 408
647 330 821 394 cuoncu
853 322 1093 391 erratuum

316 489 453 548 πέθιινεν
478 488 522 559 εἰς
559 478 723 546 α’πόπατον
754 476 947 561 διαβιβάσας
978 473 1035 557 τὴν
1054 470 1183 554 ψυχάν,
1214 466 1258 547 σός
1290 468 1405 533 nossa
1511 544 1512 555 η

308 575 436 665 'Apama
457 580 594 661 έπαθεν,
614 579 670 661 ἅμ’
696 578 856 662 ε’γκάτοις,
886 574 940 639 κατ’
956 574 1097 655 περάσας
1128 574 1284 649 κατῆλθεν
1303 572 1347 644 εἰς
1364 572 1402 633 τά

317 684 392 763 περῐ
409 685 467 766 την
483 677 683 761 Ἀνιλροῦσαν
705 682 760 741 καί
777 674 921 758 Ἰθώμην.
971 672 1026 737 uui
1046 672 1152 753 λαβών
1174 667 1274 752 αόεην
1291 672 1345 732 καί
1362 666 1400 731 τά

315 784 391 861 περὶ
411 779 511 862 πότην
530 780 633 843 πάντα
654 778 779 859 ἀπῆλθε
801 772 984 839 θεάσασθαι
1011 774 1066 835 καί
1085 769 1143 853 τὴν
1166 768 1331 853 Κορώνην,
1348 762 1401 831 εἶτ’
1511 836 1512 867 ,

316 879 438 942 έκεῖθεν
460 881 549 962 διέβη
581 878 636 940 καί
659 872 723 941 εἶδε
756 872 816 958 τὴν
838 870 1022 956 Μοθώνην,
1047 865 1116 935 εἶτα
1138 866 1196 951 την
1217 866 1331 932 Πάλον
1350 868 1431 949 spei
1511 918 1512 953 ,

315 980 370 1040 καί
389 978 563 1058 Ἀβαρῖνον.
605 980 679 1039 καθ’
701 972 740 1057 ἣν
759 973 882 1056 ἡμέραν
906 970 961 1033 καί
989 966 1006 1032 ό
1033 967 1184 1051 όεσπόεης
1203 967 1263 1049 κόρ
1288 968 1405 1046 Θωμᾶς

315 1077 429 1159 ἐξῆλθε
449 1075 505 1158 τῆς
524 1070 789 1154 Πελοποννήσου·
830 1072 1042 1153 προητοίμασε
1066 1064 1127 1149 γάρ
1153 1090 1223 1129 τινα
1244 1066 1404 1147 πλοιάρια,
1511 1102 1512 1139 ι

315 1177 372 1239 καῖ
391 1172 496 1238 ε’λθιόν
519 1176 553 1238 έν
575 1174 620 1259 τῷ
640 1178 744 1254 λιμένι
762 1174 805 1257 τῷ
828 1176 903 1251 παρ’
931 1169 1059 1242 Ἰταλοῖς
1085 1167 1268 1252 καλουμένῳ
1289 1162 1404 1250 Πόρτιγι

315 1270 433 1361 λόγγιρ,
464 1272 521 1337 ἵνα.
538 1266 660 1338 ἐκεῖθεν
688 1268 868 1349 εόπλιόϊμον
892 1266 1002 1351 καιρόν
1031 1263 1134 1349 εὑρών
1159 1266 1204 1339 εἰς
1235 1267 1405 1347 Κέρκυραν

317 1372 454 1461 άπέλθη.
506 1368 526 1435 ό
559 1372 598 1455 δὴ
627 1373 821 1454 γέγονε,καί
849 1368 889 1455 τῇ
911 1368 955 1451 κη’
977 1372 1036 1431 τοῦ
1053 1366 1185 1431 Ἰονλιόο
1209 1361 1307 1447 μηνός
1328 1357 1443 1427 ciue-ia

318 1473 409 1555 σώθη
429 1474 475 1547 εἰς
495 1474 673 1553 Κέρκυραν.
716 1465 860 1553 εὑρόντες
884 1468 919 1532 δὲ
941 1465 997 1529 καὶ
1016 1466 1108 1548 ἡμεῖς
1127 1462 1301 1543 πλεόσιμον
1324 1464 1406 1523 α’πιι-

317 1568 449 1653 γόμενον
471 1571 586 1649 ἐκεῖσε,
607 1565 760 1649 ἐμβάντες
783 1570 821 1653 τῇ
844 1563 887 1631 ια’
909 1564 1042 1630 Ἰουλίου
1072 1563 1124 1628 διά
1146 1560 1182 1628 τό
1207 1563 1407 1644 ἐπιγενέσθαι
1511 1566 1512 1657 ι

319 1669 376 1731 καῖ
393 1665 477 1750 μετά
499 1671 561 1731 τών
582 1659 686 1731 άλλων
706 1668 810 1729 κακῶν
835 1662 1006 1728 θανατικόν
1029 1664 1063 1727 έν
1084 1666 1124 1749 τῇ
1145 1658 1302 1748 Μοθώνῃ,
1327 1664 1365 1744 τῇ
1377 1657 1404 1739 β
1511 1680 1512 1751 ᾗ

317 1774 378 1831 κου’
397 1764 587 1847 Αὐγούστου
610 1762 821 1849 άπεσώθημεν
842 1765 887 1838 εἰς
907 1766 1091 1847 Κέρκυραν,
1113 1758 1238 1843 ἔχοντες
1261 1758 1317 1825 τόν
1337 1782 1403 1822 uuo·

319 1863 382 1929 πόν
401 1869 452 1929 ἳνα
474 1867 661 1945 ἀπέλθωμεν
675 1867 721 1939 εἰς
743 1849 806 1949 τηνΙ
818 1860 950 1947 Κρήτην
971 1858 992 1945 ἢ
1012 1866 1057 1937 εἰς
1074 1859 1133 1945 τήν
1154 1863 1230 1942 περὶ
1247 1858 1304 1943 τὴν
1327 1858 1441 1923 Θεσ·ι5

317 1968 487 2048 σαλονέκην
499 1969 666 2045 Βερροιάν,
689 1963 743 2051 διά
766 1961 802 2029 τό
825 1958 907 2028 εἶναι
921 1963 1045 2025 κάκεῖσε
1060 1964 1227 2044 καλλίστην
1245 1955 1346 2042 μονὴν
1364 1961 1402 2031 εἰς

273 2068 276 2076 ’
319 2056 422 2142 όνσμα
443 2066 499 2127 τοῦ
519 2062 609 2144 ἁγίου
632 2058 813 2140 Νικολάου,
844 2058 939 2144 ἥνπερ
971 2059 1065 2143 ότῆς
1085 2058 1205 2143 μητρός
1224 2080 1288 2137 μου
1307 2054 1399 2138 πατᾷρ

319 2157 484 2245 α’νὴγειρεν
504 2163 539 2225 έκ
558 2154 703 2243 βάθραν.
744 2164 802 2224 τοῦ
823 2164 857 2225 δὲ
868 2157 986 2224 Ῥαοόλ
997 2163 1028 2224 Γ
1026 2163 1157 2243 εωργιόυ
1180 2160 1236 2221 κατ’
1250 2159 1308 2221 τοῦ
1328 2180 1401 2238 γομ-

319 2263 402 2341 βροῦ
423 2262 523 2324 ου’τοῦ
553 2263 609 2344 καί
628 2258 787 2344 θυγατρός
814 2258 1087 2340 προαπελθόντιον,
1108 2257 1336 2340 έπαρώτρυναν
1353 2252 1402 2317 κατ’

315 2357 374 2424 ,τόν
394 2356 526 2439 ἀνεψιόν
549 2354 649 2423 crisci
669 2357 722 2423 τόν
741 2382 814 2423 ποτε
834 2355 1074 2441 μελλόγαμβρόν
1094 2381 1156 2437 μου
1177 2353 1334 2423 Νικόλαον
1352 2356 1440 2420 cisso
1511 2434 1512 2450 ¹

320 2455 540 2542 Μελισσηνόν,
568 2456 668 2533 αὐτός
696 2461 733 2522 δὲ
762 2459 856 2522 πάλιν
884 2460 955 2538 έμέ·
1005 2456 1051 2522 ἔτι
1080 2461 1115 2523 δὲ
1145 2456 1198 2522 κατ’
1216 2460 1272 2522 τοῦ
1293 2455 1398 2522 δεσπό-

321 2581 378 2619 του
397 2555 478 2636 μετά
505 2557 562 2621 κατ’
587 2561 651 2621 τών
678 2550 783 2622 άλλων
813 2561 913 2623 έκεῖσε
941 2560 1197 2640 παραγενομένου
1225 2557 1400 2639 αἰτηλθιμεν

318 2649 445 2739 χῆμεῑς,
480 2667 668 2741 προσμεῖναι
701 2661 770 2721 έκεῖ
795 2659 853 2732 ἕως
880 2650 919 2721 οὗ
945 2657 1063 2738 ἴδοιμεν
1088 2657 1122 2722 τό
1140 2661 1262 2739 μέλλον.
1303 2658 1357 2722 τιό
1375 2656 1399 2717 δ’

393 2845 525 2919 asaiam
542 2848 626 2922 λόγκο
644 2851 664 2902 Ρ

321 2997 423 3048 enrissis
440 2997 605 3060 visceribus,
623 2998 739 3050 animam
759 3001 916 3068 exspiravit,
941 3016 971 3050 ac
988 2999 1141 3052 transiit'in
1159 2998 1284 3050 viciniam
1302 2994 1399 3049 Andric-

321 3087 367 3121 sae
389 3075 417 3121 et
436 3067 562 3121 Ithomes.
598 3068 640 3119 his
660 3085 769 3138 quoque
789 3071 896 3140 oppidis
920 3072 1072 3122 cumomni
1098 3071 1207 3138 regione
1232 3070 1343 3121 finitima
1358 3081 1400 3116 oc-

320 3141 434 3208 cupatis,
446 3139 579 3191 Coronam
595 3141 682 3190 visum
700 3139 778 3203 abiit,
799 3151 881 3212 atque
899 3141 964 3193 inde
979 3159 1067 3192 rursus
1083 3139 1243 3192 Mothonem
1255 3139 1358 3192 traiecit
1373 3149 1401 3184 ec

320 3211 414 3276 Pylum
440 3211 495 3260 sive
518 3211 675 3262 Abarinum.
721 3227 777 3279 quo
804 3211 849 3263 die
875 3213 956 3264 etiam
979 3211 1097 3264 Thomas
1117 3211 1247 3280 despota,
1268 3206 1401 3262 exstructis

321 3289 384 3331 ante
402 3281 525 3344 naribus,
545 3298 560 3332 s
579 3281 769 3351 Peloponneso
796 3281 918 3334 discessit
945 3291 973 3334 et
1002 3283 1036 3334 acl
1058 3291 1165 3353 portum
1190 3283 1310 3350 longum,
1327 3291 1400 3348 quem

320 3351 382 3404 Itali
402 3351 505 3413 dicunt,
524 3353 730 3420 proiectusest,
751 3361 782 3404 ut
792 3353 866 3414 inde,
885 3353 1009 3404 idoneam
1021 3363 1113 3405 nactus
1133 3361 1328 3422 tempestatem,
1341 3349 1400 3400 eor-

318 3437 408 3488 cyram
424 3423 570 3489 navigaret.
606 3423 645 3475 ita
663 3422 762 3474 iactum
781 3433 830 3486 est,
841 3425 1018 3494 pervenitque
1037 3424 1081 3475 die
1100 3425 1199 3475 mensis
1211 3423 1273 3475 Iulii
1292 3423 1325 3473 28
1340 3420 1402 3471 Cor·
1511 3433 1512 3488 j

319 3507 417 3558 cyrum.
454 3509 504 3543 uos
525 3509 635 3563 quoque
656 3495 792 3562 navigium
812 3493 907 3546 eodem
926 3497 1109 3566 profecturum
1127 3497 1207 3557 nacti,
1226 3495 1290 3545 Iulii
1312 3491 1353 3543 die
1374 3503 1398 3539 ιι

319 3563 465 3624 solvimus,
483 3562 557 3632 quod
578 3571 685 3633 praeter
705 3565 823 3634 reliquas
840 3567 960 3617 miserias
978 3563 1108 3636 pestifera
1127 3566 1186 3616 lues
1197 3563 1346 3616 Mothonen
1362 3560 1403 3609 in·

318 3641 441 3695 vaserat,
459 3640 487 3683 et
502 3631 586 3684 delati
605 3651 695 3686 samus
714 3635 856 3702 Corcyram
875 3637 919 3686 die
938 3653 953 3686 a
972 3637 1094 3704 Augusti.
1131 3645 1189 3686 erat
1211 3644 1302 3687 autem
1321 3631 1404 3683 consi·
1511 3639 1512 3656 ³

318 3705 387 3755 lium
415 3702 481 3754 inde
507 3703 660 3756 incretam
676 3706 721 3756 vei
738 3705 898 3757 Berrhoeam
917 3723 1002 3776 prope
1023 3705 1245 3759 Thessaionicarn
1262 3701 1403 3776 proficisci,

319 3776 448 3844 quoniam
458 3773 517 3824 illic
533 3777 724 3827 monasterium
736 3776 945 3846 pulcherrimum
959 3785 1023 3841 erat,
1043 3779 1214 3835 inhonorem
1234 3775 1318 3828 sancti
1327 3775 1405 3824 Nico·

318 3845 355 3895 iai
372 3845 406 3896 ab
425 3861 475 3896 svo
493 3861 553 3895 meo
571 3855 692 3900 materno
710 3864 726 3896 a
747 3847 930 3901 fundamentis
952 3857 1124 3902 exstructum.
1161 3849 1293 3916 Georgius
1310 3841 1405 3896 Bauius

318 3923 408 3966 autem
427 3925 456 3968 et
471 3933 554 3983 gener
572 3924 600 3967 et
617 3917 674 3967 iilia
694 3918 770 3982 eius,
792 3929 855 3972 ante
872 3919 938 3971 illuc
962 3921 1095 3990 profecti,
1114 3919 1303 3970 consobrinam]
1321 3929 1405 3972 cuum·

318 3986 365 4104 poi
385 3986 521 4055 quondam
540 4003 616 4037 meus
635 3995 693 4038 erat
711 3987 818 4042 saturae
832 4007 922 4058 gener,
940 3991 1082 4042 Nicolaum
1098 3991 1289 4050 ΜεΙίεεειιοοε,
1309 3995 1338 4038 ut
1356 3997 1405 4034 eo-

337 4071 379 4105 em
401 4055 561 4120 discederet,
579 4057 712 4110 cohortati
733 4069 817 4122 erant,
836 4069 918 4130 atque
937 4060 981 4112 hic
1002 4079 1092 4113 rursus
1110 4061 1177 4112 mihi
1194 4061 1265 4112 idem
1278 4061 1403 4110 suaserat

317 4127 411 4194 itaque
435 4135 463 4177 et
480 4125 640 4196 despota'st
658 4129 772 4199 reliquis
789 4129 848 4182 illic
867 4132 1104 4196 commorantibus,
1124 4149 1173 4184 nos
1195 4145 1304 4202 quoque
1320 4125 1405 4178 abiri-

316 4213 385 4261 mas,
402 4199 592 4269 exspectaturi,
613 4198 681 4270 quid
702 4199 823 4254 futurum
843 4211 923 4256 esset.
958 4203 1066 4257 interim
1083 4219 1194 4266 emeras,
1213 4208 1343 4274 occupata
1355 4197 1404 4248 Δο-
