3042 4900
506 265 580 328 tro.
602 268 656 329 ιιι.
687 263 779 330 etr.
799 269 853 330 xi.
1161 249 1247 336 305

154 411 345 499 σοφοότατνν
365 411 424 495 erip
446 416 605 500 Γειόρμιον
624 417 679 482 τόν
699 415 874 500 Σχολιὶριον
892 419 1003 487 λαϊτόν
1026 421 1076 489 ἔτι
1106 417 1182 492 όντα
1202 431 1250 506 εἰς

155 509 362 597 πατριάρχην
382 513 641 600 ἐχειροτόνησαν,
664 515 700 582 ὃν
719 522 775 582 καί
797 521 829 583 Γ
825 516 969 588 εννόόιον
987 523 1209 606 ἐπωνόμασαν.

240 612 443 696 Προόπῆρχε
470 617 507 678 όέ
536 617 593 680 καί
618 615 704 696 τάξις
729 615 787 682 καὶ
813 619 970 703 συνήθεια
996 631 1064 700 τοῖς
1082 629 1253 706 βασιλεῦσι

157 713 368 794 Χριστιανοΐς
396 715 449 778 ἳνα
480 717 681 798 δωροποιιόσι
712 719 757 805 τῷ
786 723 1041 805 χειροτονηθέντι
1067 724 1252 814 πατριόρχη

131 813 271 880 §vuueri
302 809 477 878 όεκανίνιον
494 817 638 898 χρυσοῦν
667 815 748 896 μετὰ
770 821 872 882 tiber
890 823 1070 904 πολυτιμοον
1089 827 1146 889 κατ’
1163 849 1253 908 μαρ.

155 907 263 992 μόρων
283 911 559 997 ἐχιεκοσμημίνον,
579 917 636 980 καί
663 919 758 982 ἵππον
777 915 921 983 ἐκλεκτόν
939 921 977 984 ἐκ
995 923 1060 986 τεόν
1078 925 1253 1005 βασιλικόν

155 1007 235 1090 μετό
255 1011 411 1095 ἐφιππίου
431 1014 487 1076 ναί
505 1014 692 1098 ἐφεστρίόος
720 1019 887 1100 βασιλικῆς
906 1020 1173 1106 ἐγκεκοσμημὲνον
1192 1045 1251 1086 πο·

156 1112 317 1184 λυτελιός·
366 1114 422 1176 καί
440 1109 521 1191 μετὰ
541 1115 680 1194 χασόίου
702 1119 817 1179 λευκοῦ
835 1115 891 1181 ναί
909 1122 1039 1201 χρυσοό
1058 1120 1252 1202 σκεπόμενος

155 1202 195 1290 ἧν
215 1207 232 1271 6
253 1212 356 1285 ἵππος.
400 1209 455 1275 καί
472 1214 582 1276 ἐκτοῦ
603 1211 759 1280 παλατίου
780 1217 839 1280 τοῦ
857 1220 1028 1298 βασιλικοῦ
1046 1217 1125 1300 μετό
1145 1218 1294 1303 πόσηςσε

113 1311 212 1394 ιοτῆς
232 1308 409 1394 συγκλήτου
443 1308 647 1395 ἐξερχόμενος
673 1307 690 1378 6
708 1314 908 1400 πατριάρχης
935 1313 992 1382 καί
1008 1316 1253 1404 εόφημοόμενος

157 1413 191 1473 ἐν
207 1411 250 1498 τῷ
271 1413 488 1499 πατριαρχείτρ
509 1411 763 1499 ἐπανίοιρεφεν·
815 1415 870 1478 καὶ
890 1414 911 1500 ἦ
932 1420 1114 1501 χειροτονία
1133 1419 1251 1500 ἐγινετο

156 1511 243 1594 παρὰ
264 1512 327 1575 τοῖν
347 1512 544 1595 α’ρχιερέων,
569 1509 613 1586 οός
632 1513 719 1590 τόξις
748 1513 804 1578 καί
825 1510 919 1596 νόμος
940 1507 990 1600 ἦν.
1031 1516 1193 1599 ἐλάμβανε
1213 1519 1252 1582 όό

156 1609 175 1672 6
198 1613 321 1690 μέλλων
340 1614 490 1696 γενέσθαι
509 1608 707 1696 πατριάρχης
739 1615 776 1677 ἐν
794 1616 858 1679 uuir
876 1618 934 1679 τοό
954 1618 1111 1696 βασιλέας
1131 1621 1255 1701 χειροόν.

156 1706 191 1774 τό
213 1707 388 1774 όειιανίκιον
407 1709 673 1794 τοιουτοτρόποις·
715 1710 930 1793 καθεζομένοό
943 1715 1002 1778 τοῦ
1020 1719 1177 1796 βασιλέως
1197 1717 1254 1782 ἐπὶ

114 1809 217 1872 15τοῦ
233 1811 404 1890 βασιλικοῦ
415 1811 546 1895 δίφρου,
568 1813 623 1874 ναί
642 1812 729 1876 πόσα
748 1812 769 1894 ἦ
790 1809 1137 1896 σόγκλητοςόστόμενοι
1155 1815 1253 1880 οἷσπε-

156 1915 227 1984 πεῖς
247 1912 302 1972 ναί
314 1908 420 1993 ὀρθοί,
442 1909 498 1973 ναί
516 1907 534 1972 6
553 1912 653 1994 μέγας
667 1916 881 1993 προιεοπαποῖς
894 1915 953 1976 τοῦ
970 1911 1129 1978 παλαπίου
1150 1915 1253 1980 ἐποίει

157 2007 341 2092 εόλογητόν,
369 2003 436 2074 εἶτα
457 2008 512 2074 ναί
534 2009 653 2093 μικρόν
673 2011 812 2093 ἐκτενὴν,
832 2013 888 2074 καί
906 2009 925 2074 6
948 2014 1047 2093 μέχας
1068 2013 1253 2094 ἐομέστιιιος

155 2104 277 2190 ἔψαλλε
295 2105 331 2171 τό
348 2101 456 2171 “6'nou
475 2107 537 2194 γὰρ
558 2113 715 2191 βασιλέως
736 2109 918 2193 παρουσία”
936 2109 993 2174 καί
1009 2107 1051 2175 τὰ
1073 2107 1155 2196 ἑξῆς.
1181 2108 1251 2178 εἶτα

155 2205 192 2271 τό
216 2207 293 2284 δόξα
314 2205 331 2270 6
350 2208 571 2291 λαμπαόόριος
593 2212 627 2272 ἐκ
647 2213 703 2274 τοῦ
720 2204 831 2292 ἑτέρου
855 2212 969 2295 χοροῦ,
991 2211 1047 2275 καὶ
1069 2214 1129 2276 νῦν
1147 2210 1184 2276 τό
1201 2210 1252 2276 “6

109 2305 308 2386 ποβασιλεός
328 2311 390 2372 τεόν
425 2307 588 2390 οὖρανιόν”
605 2308 661 2372 eut*
685 2306 725 2372 τό
750 2303 833 2392 ἑξῆς.
872 2307 952 2389 μετὰ
973 2311 1010 2375 66
1027 2307 1064 2375 τό
1080 2313 1169 2387 τίλας
1191 2313 1251 2376 τοτῖ

155 2409 331 2492 τροπαρίου
354 2404 371 2470 6
392 2405 545 2489 βασιλεός
567 2406 729 2488 ἀνίστατο,
756 2403 840 2489 ἔχων
859 2405 915 2473 ἐπὶ
932 2408 990 2493 την
1012 2407 1118 2487 δεξιόν
1139 2407 1176 2474 τό
1198 2413 1251 2477 6⁸-

153 2510 302 2588 νανίκιον,
322 2506 339 2571 6
361 2509 398 2574 δὲ
424 2504 608 2595 όποψὴφιος
639 2506 822 2591 ἐρχόμενος,
840 2511 896 2572 κατ’
914 2510 951 2573 ἐν
969 2511 1026 2574 τοῦ
1044 2506 1112 2586 ἑνός
1130 2512 1251 2594 μόρους

153 2605 255 2673 orituri
274 2604 292 2669 6
313 2610 514 2693 Καισαρείας
533 2610 567 2673 ἐν
589 2611 625 2673 δὲ
637 2610 695 2671 τοῦ
714 2610 862 2693 δευτέρου
883 2604 900 2668 6
917 2608 1109 2693 Ἡρακλείας
1129 2631 1249 2695 μητρο·

227 2820 266 2871 16.
287 2816 382 2889 ὄρθιοι
401 2818 419 2869 Ρ

152 3019 216 3133 punt
245 3018 273 3065 ct
295 3010 474 3083 patriarcham
499 3020 638 3078 crearunt,
667 3020 773 3066 mutate
806 3015 918 3065 nomine
946 3011 1119 3065 Gennadium
1148 3010 1245 3082 appel-

165 3093 250 3135 atum.

221 3154 288 3205 Erat
304 3160 393 3205 autem
410 3170 508 3205 munna
527 3162 555 3206 ct
571 3170 628 3205 nior
647 3152 863 3207 Christianorum
881 3153 1083 3222 imperatorum,
1099 3158 1132 3203 ut
1148 3167 1243 3205 recena

149 3232 241 3277 creato
268 3222 437 3293 patriarchae
462 3224 562 3295 pedum
580 3242 706 3288 aureum,
725 3225 837 3292 gemmia
856 3232 885 3275 et
900 3224 1051 3291 margariti·
1068 3222 1243 3287 decoratum,

148 3304 232 3365 etque
250 3295 367 3347 electum
388 3294 423 3347 de
452 3296 525 3364 regio
543 3296 652 3349 etrbulo
668 3312 781 3365 equum,
799 3294 868 3347 aella
893 3302 923 3345 et
938 3302 1024 3347 atrato
1042 3302 1179 3345 ιυιιιιαοιε
1197 3311 1244 3347 ur-

148 3376 253 3428 entem,
271 3376 300 3418 et
315 3366 401 3418 aerico
419 3367 517 3419 rilloeo
536 3366 592 3417 albi
613 3367 712 3419 coloris
730 3374 759 3418 et
777 3366 830 3417 lilia
856 3365 947 3417 eureio
964 3366 1113 3417 intertexto
1130 3372 1241 3429 tectum,

148 3437 293 3501 donarent.
329 3436 395 3488 huic
412 3454 483 3507 equo
499 3438 620 3489 ineideua
634 3437 786 3507 patriarcha
804 3452 864 3487 cum
875 3436 1001 3488 univerae
1019 3445 1115 3489 acuatu
1134 3444 1163 3487 et
1180 3436 1242 3488 lau-

147 3510 196 3559 atio
214 3508 454 3560 acclamationibus
473 3524 488 3559 o
507 3507 611 3576 palatie
629 3508 805 3577 imperatorio
823 3506 853 3557 in
865 3505 1044 3577 patriarchale
1064 3505 1179 3569 redibat,
1199 3516 1242 3559 at-

147 3594 203 3648 que
220 3579 321 3631 creatio
341 3596 389 3648 per
406 3580 549 3649 episcopos
570 3578 662 3643 fiebat,
688 3588 719 3630 ut
738 3580 800 3646 lege
820 3584 849 3629 et
863 3595 938 3630 more
957 3579 1091 3631 sancitum
1109 3585 1176 3629 crat.
1194 3595 1241 3629 ac·

147 3648 269 3718 cipiebut
286 3656 377 3701 autern
398 3651 506 3701 suturae
523 3650 675 3719 patriarcha
699 3666 714 3701 e
733 3646 859 3701 manibus
880 3649 1052 3718 imperatoria
1068 3647 1170 3733 pedum
1189 3648 1241 3700 tali

145 3720 238 3773 modu.
283 3720 396 3773 cedente
421 3722 582 3790 imperatore
609 3720 638 3771 in
663 3720 730 3771 aella
754 3721 927 3788 imperatoria
956 3728 984 3773 et
1006 3736 1081 3772 omna
1099 3734 1240 3787 procerum

146 3790 245 3843 ordine
262 3792 453 3843 circumstante
471 3790 551 3842 nudie
564 3790 709 3860 capitibus,
725 3806 837 3858 magnus
855 3800 1019 3860 protopapae
1037 3789 1134 3859 palatii
1152 3788 1240 3840 boue-

145 3860 304 3925 dietionem‚
317 3861 417 3913 deinde
436 3878 544 3931 parram
561 3878 670 3931 precum
688 3862 786 3912 aerium
804 3862 1008 3928 pronuntiabat,
1028 3869 1112 3929 atque
1127 3876 1239 3928 mrgnue

145 3931 311 3985 ‹lomenticua
339 3932 455 3984 canebat
477 3930 544 3983 “ubi
562 3934 634 3983 cuim
656 3932 724 3999 regia
748 3931 920 4000 praeaentia’'
937 3942 967 3985 et
983 3946 1054 4001 qnae
1071 3941 1238 4000 acquantum

144 4012 204 4055 tum
230 4000 354 4071 “glorie'’
377 4001 558 4073 lamprdariue
585 4018 618 4053 επ
645 4004 732 4053 altere
754 4002 853 4065 choro,
875 4000 985 4055 et“rex
1011 3999 1166 4053 coelorum”
1185 4010 1238 4053 etc.

145 4074 224 4125 linito
241 4082 324 4125 cantu
345 4074 468 4133 alterno,
487 4072 633 4141 imperator
649 4072 786 4141 surgebat,
805 4070 898 4124 dextra
917 4091 997 4125 mauu
1013 4072 1114 4143 pedum
1132 4080 1239 4134 λεοεοι,

143 4153 226 4216 atque
247 4144 422 4208 candidatur,
444 4142 521 4195 cuiue
538 4144 651 4195 alterum
673 4145 744 4197 latua
761 4145 935 4215 metropolita
952 4144 1148 4208 Caesareanum,
1165 4142 1239 4213 alte<

236 4248 400 4303 ΡΙιναιιινετ.
