<?xml version="1.0" encoding="UTF-8"?>
<!DOCTYPE html PUBLIC "-//W3C//DTD XHTML 1.0 Transitional//EN"
    "http://www.w3.org/TR/xhtml1/DTD/xhtml1-transitional.dtd">
<html xmlns="http://www.w3.org/1999/xhtml" xml:lang="en" lang="en">
 <head>
  <title>
</title>
<meta http-equiv="Content-Type" content="text/html;charset=utf-8" />
  <meta name='ocr-system' content='tesseract 3.04.00' />
  <meta name='ocr-capabilities' content='ocr_page ocr_carea ocr_par ocr_line ocrx_word'/>
</head>
<body>
  <div class='ocr_page' id='page_1' title='image "./corpusscriptoru59theogoog/corpusscriptoru59theogoog_0065.png"; bbox 0 0 3042 4900; ppageno 0'>
   <div class='ocr_carea' id='block_1_1' title="bbox 321 266 1083 357">
    <p class='ocr_par' dir='ltr' id='par_1_1' title="bbox 321 266 1083 357">
     <span class='ocr_line' id='line_1_1' title="bbox 321 266 1083 357; baseline -0.001 -4"><span class='ocrx_word' id='word_1_1' title='bbox 321 266 374 354; x_wconf 81' lang='lat'>52</span> <span class='ocrx_word' id='word_1_2' title='bbox 636 290 810 357; x_wconf 82' lang='lat' dir='ltr'>ouonou</span> <span class='ocrx_word' id='word_1_3' title='bbox 840 285 1083 354; x_wconf 77' lang='lat' dir='ltr'>ennnnrnt</span> 
     </span>
    </p>
   </div>
   <div class='ocr_carea' id='block_1_2' title="bbox 303 427 1501 2420">
    <p class='ocr_par' dir='ltr' id='par_1_2' title="bbox 316 427 1413 827">
     <span class='ocr_line' id='line_1_2' title="bbox 318 427 1411 525; baseline -0.006 -16"><span class='ocrx_word' id='word_1_4' title='bbox 318 446 452 523; x_wconf 76' lang='grc' dir='ltr'><em>ἐνδόξων</em></span> <span class='ocrx_word' id='word_1_5' title='bbox 472 427 528 509; x_wconf 71' lang='grc' dir='ltr'><strong><em>κάτ’</em></strong></span> <span class='ocrx_word' id='word_1_6' title='bbox 549 442 684 525; x_wconf 82' lang='grc' dir='ltr'><strong><em>εόγενιόν</em></strong></span> <span class='ocrx_word' id='word_1_7' title='bbox 705 443 909 525; x_wconf 76' lang='grc' dir='ltr'><strong><em>Χριστιανῶν</em></strong></span> <span class='ocrx_word' id='word_1_8' title='bbox 941 438 996 504; x_wconf 84' lang='grc' dir='ltr'><strong><em>καί</em></strong></span> <span class='ocrx_word' id='word_1_9' title='bbox 1016 432 1202 525; x_wconf 80' lang='grc' dir='ltr'><strong><em>Ἀγαρηνιόν</em></strong></span> <span class='ocrx_word' id='word_1_10' title='bbox 1229 443 1285 504; x_wconf 81' lang='grc' dir='ltr'>τοῦ</span> <span class='ocrx_word' id='word_1_11' title='bbox 1305 440 1411 524; x_wconf 83' lang='grc' dir='ltr'><strong><em>άμᾳρά</em></strong></span> 
     </span>
     <span class='ocr_line' id='line_1_3' title="bbox 317 533 1412 633; baseline -0.006 -24"><span class='ocrx_word' id='word_1_12' title='bbox 317 547 483 630; x_wconf 72' lang='grc' dir='ltr'><em>δεηθέντες</em></span> <span class='ocrx_word' id='word_1_13' title='bbox 503 540 630 626; x_wconf 80' lang='grc' dir='ltr'><strong><em>γράψαι</em></strong></span> <span class='ocrx_word' id='word_1_14' title='bbox 648 541 729 625; x_wconf 82' lang='grc' dir='ltr'><strong><em>πρός</em></strong></span> <span class='ocrx_word' id='word_1_15' title='bbox 752 541 809 605; x_wconf 87' lang='grc' dir='ltr'><strong><em>τὸν</em></strong></span> <span class='ocrx_word' id='word_1_16' title='bbox 828 540 963 622; x_wconf 80' lang='grc' dir='ltr'><strong><em>βασιλέα</em></strong></span> <span class='ocrx_word' id='word_1_17' title='bbox 987 537 1099 624; x_wconf 83' lang='grc' dir='ltr'><strong><em>κόριον</em></strong></span> <span class='ocrx_word' id='word_1_18' title='bbox 1118 533 1267 633; x_wconf 79' lang='grc' dir='ltr'><strong><em>Ἰωάννην</em></strong></span> <span class='ocrx_word' id='word_1_19' title='bbox 1288 537 1340 602; x_wconf 74' lang='grc' dir='ltr'><strong><em>ἵνα</em></strong></span> <span class='ocrx_word' id='word_1_20' title='bbox 1360 537 1412 603; x_wconf 85' lang='grc' dir='ltr'><strong><em>τόν</em></strong></span> 
     </span>
     <span class='ocr_line' id='line_1_4' title="bbox 317 633 1413 728; baseline -0.006 -21"><span class='ocrx_word' id='word_1_21' title='bbox 317 640 473 728; x_wconf 78' lang='grc' dir='ltr'><em>δεσπότην</em></span> <span class='ocrx_word' id='word_1_22' title='bbox 494 641 602 728; x_wconf 84' lang='grc' dir='ltr'><strong><em>κόριον</em></strong></span> <span class='ocrx_word' id='word_1_23' title='bbox 622 641 824 727; x_wconf 80' lang='grc' dir='ltr'><strong><em>Ἀνδρόνικον</em></strong></span> <span class='ocrx_word' id='word_1_24' title='bbox 846 643 905 705; x_wconf 80' lang='grc' dir='ltr'>τοῦ</span> <span class='ocrx_word' id='word_1_25' title='bbox 921 633 1136 721; x_wconf 81' lang='grc' dir='ltr'><strong><em>άποκλεισμοῦ</em></strong></span> <span class='ocrx_word' id='word_1_26' title='bbox 1156 638 1374 725; x_wconf 76' lang='grc' dir='ltr'><strong><em>ἐλευθερώσῃ·</em></strong></span> <span class='ocrx_word' id='word_1_27' title='bbox 1395 634 1413 700; x_wconf 82' lang='grc' dir='ltr'><strong><em>ό</em></strong></span> 
     </span>
     <span class='ocr_line' id='line_1_5' title="bbox 316 745 523 827; baseline -0.01 -19"><span class='ocrx_word' id='word_1_28' title='bbox 316 745 371 809; x_wconf 82' lang='grc' dir='ltr'>καί</span> <span class='ocrx_word' id='word_1_29' title='bbox 390 746 523 827; x_wconf 76' lang='grc' dir='ltr'><strong><em>ἐγένετο.</em></strong></span> 
     </span>
    </p>

    <p class='ocr_par' dir='ltr' id='par_1_3' title="bbox 303 833 1501 2420">
     <span class='ocr_line' id='line_1_6' title="bbox 399 833 1501 927; baseline -0.012 -19"><span class='ocrx_word' id='word_1_30' title='bbox 399 843 472 908; x_wconf 84' lang='grc' dir='ltr'>Καί</span> <span class='ocrx_word' id='word_1_31' title='bbox 488 845 551 906; x_wconf 77' lang='grc' dir='ltr'><strong><em>τῶν</em></strong></span> <span class='ocrx_word' id='word_1_32' title='bbox 568 841 762 925; x_wconf 78' lang='grc' dir='ltr'><strong><em>πραγμάτων</em></strong></span> <span class='ocrx_word' id='word_1_33' title='bbox 782 833 883 915; x_wconf 72' lang='grc' dir='ltr'><strong><em>οὕτως</em></strong></span> <span class='ocrx_word' id='word_1_34' title='bbox 911 836 1048 920; x_wconf 75' lang='grc' dir='ltr'><strong><em>ἑχόντων</em></strong></span> <span class='ocrx_word' id='word_1_35' title='bbox 1073 841 1208 922; x_wconf 78' lang='grc' dir='ltr'><strong><em>θεωρῶν</em></strong></span> <span class='ocrx_word' id='word_1_36' title='bbox 1229 834 1437 920; x_wconf 75' lang='grc' dir='ltr'><strong><em>όβασιλεόςῧ</em></strong></span> <span class='ocrx_word' id='word_1_37' title='bbox 1500 924 1501 927; x_wconf 8' lang='lat'>¹</span> 
     </span>
     <span class='ocr_line' id='line_1_7' title="bbox 315 936 1411 1024; baseline -0.009 -16"><span class='ocrx_word' id='word_1_38' title='bbox 315 943 354 1009; x_wconf 86' lang='grc' dir='ltr'><strong><em>τά</em></strong></span> <span class='ocrx_word' id='word_1_39' title='bbox 386 945 449 1006; x_wconf 79' lang='grc' dir='ltr'><strong><em>τεόν</em></strong></span> <span class='ocrx_word' id='word_1_40' title='bbox 472 940 644 1023; x_wconf 80' lang='grc' dir='ltr'><strong><em>Ῥωμαίων</em></strong></span> <span class='ocrx_word' id='word_1_41' title='bbox 673 941 842 1024; x_wconf 87' lang='grc' dir='ltr'><strong><em>πράγματα</em></strong></span> <span class='ocrx_word' id='word_1_42' title='bbox 877 937 1131 1021; x_wconf 85' lang='grc' dir='ltr'><strong><em>παντοιοτρόπως</em></strong></span> <span class='ocrx_word' id='word_1_43' title='bbox 1162 936 1411 1022; x_wconf 74' lang='grc' dir='ltr'><strong><em>ὑποκορίζεσθαι</em></strong></span> 
     </span>
     <span class='ocr_line' id='line_1_8' title="bbox 313 1035 1412 1126; baseline -0.005 -19"><span class='ocrx_word' id='word_1_44' title='bbox 313 1041 543 1122; x_wconf 75' lang='grc' dir='ltr'><strong><em>ταπεινούμενα</em></strong></span> <span class='ocrx_word' id='word_1_45' title='bbox 564 1044 619 1106; x_wconf 84' lang='grc' dir='ltr'>καί</span> <span class='ocrx_word' id='word_1_46' title='bbox 644 1043 690 1115; x_wconf 81' lang='grc' dir='ltr'>εἰς</span> <span class='ocrx_word' id='word_1_47' title='bbox 729 1035 914 1125; x_wconf 85' lang='grc' dir='ltr'><strong><em>άᾳανισμόν</em></strong></span> <span class='ocrx_word' id='word_1_48' title='bbox 941 1040 1081 1122; x_wconf 80' lang='grc' dir='ltr'><strong><em>παντελῆ</em></strong></span> <span class='ocrx_word' id='word_1_49' title='bbox 1109 1036 1213 1126; x_wconf 82' lang='grc' dir='ltr'><strong><em>ἡμέρᾳ</em></strong></span> <span class='ocrx_word' id='word_1_50' title='bbox 1239 1041 1280 1124; x_wconf 83' lang='grc' dir='ltr'>τῇ</span> <span class='ocrx_word' id='word_1_51' title='bbox 1308 1038 1412 1124; x_wconf 71' lang='grc' dir='ltr'><strong><em>ἡμέρᾳ</em></strong></span> 
     </span>
     <span class='ocr_line' id='line_1_9' title="bbox 313 1130 1412 1224; baseline -0.004 -18"><span class='ocrx_word' id='word_1_52' title='bbox 313 1139 482 1224; x_wconf 78' lang='grc' dir='ltr'><strong><em>ἐρχόμενα,</em></strong></span> <span class='ocrx_word' id='word_1_53' title='bbox 507 1140 548 1207; x_wconf 86' lang='grc' dir='ltr'><strong><em>τά</em></strong></span> <span class='ocrx_word' id='word_1_54' title='bbox 574 1143 610 1205; x_wconf 77' lang='grc' dir='ltr'>δὲ</span> <span class='ocrx_word' id='word_1_55' title='bbox 632 1143 695 1205; x_wconf 77' lang='grc' dir='ltr'><strong><em>ταῖν</em></strong></span> <span class='ocrx_word' id='word_1_56' title='bbox 722 1139 874 1222; x_wconf 85' lang='grc' dir='ltr'><strong><em>Τοόρκων</em></strong></span> <span class='ocrx_word' id='word_1_57' title='bbox 893 1141 939 1213; x_wconf 85' lang='grc' dir='ltr'>είς</span> <span class='ocrx_word' id='word_1_58' title='bbox 961 1130 1058 1221; x_wconf 81' lang='grc' dir='ltr'><strong><em>άκρον</em></strong></span> <span class='ocrx_word' id='word_1_59' title='bbox 1076 1136 1303 1219; x_wconf 78' lang='grc' dir='ltr'><strong><em>προκόπτοντα,</em></strong></span> <span class='ocrx_word' id='word_1_60' title='bbox 1324 1133 1412 1222; x_wconf 74' lang='grc' dir='ltr'><strong><em>τριό-</em></strong></span> 
     </span>
     <span class='ocr_line' id='line_1_10' title="bbox 310 1233 1411 1325; baseline -0.005 -19"><span class='ocrx_word' id='word_1_61' title='bbox 310 1265 380 1325; x_wconf 84' lang='grc' dir='ltr'><strong><em>ρεις</em></strong></span> <span class='ocrx_word' id='word_1_62' title='bbox 399 1239 488 1316; x_wconf 83' lang='grc' dir='ltr'><strong><em>τινάς</em></strong></span> <span class='ocrx_word' id='word_1_63' title='bbox 508 1239 680 1325; x_wconf 76' lang='grc' dir='ltr'><strong><em>ἡτοίμασεν</em></strong></span> <span class='ocrx_word' id='word_1_64' title='bbox 699 1237 801 1321; x_wconf 81' lang='grc' dir='ltr'><strong><em>ἐμβάς</em></strong></span> <span class='ocrx_word' id='word_1_65' title='bbox 821 1242 856 1304; x_wconf 77' lang='grc' dir='ltr'><strong><em>ἐν</em></strong></span> <span class='ocrx_word' id='word_1_66' title='bbox 877 1242 917 1324; x_wconf 80' lang='grc' dir='ltr'>τῇ</span> <span class='ocrx_word' id='word_1_67' title='bbox 934 1240 1053 1324; x_wconf 78' lang='grc' dir='ltr'><strong><em>Ἰταλίᾳ</em></strong></span> <span class='ocrx_word' id='word_1_68' title='bbox 1067 1240 1174 1302; x_wconf 80' lang='grc' dir='ltr'><strong><em>ἐλθεῖν</em></strong></span> <span class='ocrx_word' id='word_1_69' title='bbox 1186 1241 1315 1321; x_wconf 80' lang='grc' dir='ltr'><strong><em>αἰτῆσαι</em></strong></span> <span class='ocrx_word' id='word_1_70' title='bbox 1334 1233 1411 1320; x_wconf 73' lang='grc' dir='ltr'><strong><em>βοό-</em></strong></span> 
     </span>
     <span class='ocr_line' id='line_1_11' title="bbox 310 1335 1453 1423; baseline -0.003 -19"><span class='ocrx_word' id='word_1_71' title='bbox 310 1345 405 1404; x_wconf 89' lang='grc' dir='ltr'><strong><em>θειαν</em></strong></span> <span class='ocrx_word' id='word_1_72' title='bbox 424 1337 511 1423; x_wconf 85' lang='grc' dir='ltr'><strong><em>παρά</em></strong></span> <span class='ocrx_word' id='word_1_73' title='bbox 543 1341 605 1404; x_wconf 77' lang='grc' dir='ltr'><strong><em>τῶν</em></strong></span> <span class='ocrx_word' id='word_1_74' title='bbox 632 1343 731 1404; x_wconf 83' lang='grc' dir='ltr'><strong><em>ἐκεῖσε</em></strong></span> <span class='ocrx_word' id='word_1_75' title='bbox 762 1340 948 1420; x_wconf 82' lang='grc' dir='ltr'><strong><em>αόθὲντων,</em></strong></span> <span class='ocrx_word' id='word_1_76' title='bbox 980 1339 1031 1402; x_wconf 79' lang='grc' dir='ltr'><strong><em>ἵνα</em></strong></span> <span class='ocrx_word' id='word_1_77' title='bbox 1050 1335 1096 1420; x_wconf 76' lang='grc' dir='ltr'>μή</span> <span class='ocrx_word' id='word_1_78' title='bbox 1118 1337 1139 1419; x_wconf 82' lang='grc' dir='ltr'><em>ἡ</em></span> <span class='ocrx_word' id='word_1_79' title='bbox 1161 1341 1310 1418; x_wconf 82' lang='grc' dir='ltr'><strong><em>βασιλεία</em></strong></span> <span class='ocrx_word' id='word_1_80' title='bbox 1327 1338 1410 1403; x_wconf 80' lang='grc' dir='ltr'>Ῥω·</span> <span class='ocrx_word' id='word_1_81' title='bbox 1423 1351 1453 1393; x_wconf 86' lang='grc'>10</span> 
     </span>
     <span class='ocr_line' id='line_1_12' title="bbox 303 1439 1411 1524; baseline -0.002 -21"><span class='ocrx_word' id='word_1_82' title='bbox 303 1444 415 1521; x_wconf 69' lang='grc' dir='ltr'>1μοιιίον</span> <span class='ocrx_word' id='word_1_83' title='bbox 443 1439 522 1504; x_wconf 81' lang='grc' dir='ltr'><strong><em>κιττοὶ</em></strong></span> <span class='ocrx_word' id='word_1_84' title='bbox 556 1439 670 1524; x_wconf 84' lang='grc' dir='ltr'><strong><em>κράτος</em></strong></span> <span class='ocrx_word' id='word_1_85' title='bbox 702 1442 748 1516; x_wconf 84' lang='grc' dir='ltr'>εἰς</span> <span class='ocrx_word' id='word_1_86' title='bbox 771 1441 862 1514; x_wconf 79' lang='grc' dir='ltr'><strong><em>τέλος</em></strong></span> <span class='ocrx_word' id='word_1_87' title='bbox 889 1439 1015 1524; x_wconf 80' lang='grc' dir='ltr'><strong><em>ἐκπέσῃ.</em></strong></span> <span class='ocrx_word' id='word_1_88' title='bbox 1065 1439 1121 1501; x_wconf 78' lang='grc' dir='ltr'>καὶ</span> <span class='ocrx_word' id='word_1_89' title='bbox 1152 1440 1187 1502; x_wconf 77' lang='grc' dir='ltr'><strong><em>ἐν</em></strong></span> <span class='ocrx_word' id='word_1_90' title='bbox 1214 1439 1257 1522; x_wconf 76' lang='grc' dir='ltr'>τῷ</span> <span class='ocrx_word' id='word_1_91' title='bbox 1285 1441 1411 1517; x_wconf 79' lang='grc' dir='ltr'><strong><em>μέλλειν</em></strong></span> 
     </span>
     <span class='ocr_line' id='line_1_13' title="bbox 310 1534 1412 1626; baseline -0.006 -21"><span class='ocrx_word' id='word_1_92' title='bbox 310 1543 545 1626; x_wconf 77' lang='grc' dir='ltr'><strong><em>ἐπανέρχεσθαι</em></strong></span> <span class='ocrx_word' id='word_1_93' title='bbox 571 1538 627 1605; x_wconf 89' lang='grc' dir='ltr'><strong><em>τόν</em></strong></span> <span class='ocrx_word' id='word_1_94' title='bbox 648 1538 803 1623; x_wconf 79' lang='grc' dir='ltr'><strong><em>δεσπότην</em></strong></span> <span class='ocrx_word' id='word_1_95' title='bbox 830 1536 890 1622; x_wconf 85' lang='grc' dir='ltr'>κόρ</span> <span class='ocrx_word' id='word_1_96' title='bbox 921 1534 1120 1622; x_wconf 82' lang='grc' dir='ltr'><strong><em>Ἀνδρόνικον</em></strong></span> <span class='ocrx_word' id='word_1_97' title='bbox 1142 1536 1236 1600; x_wconf 87' lang='grc' dir='ltr'><strong><em>πάλιν</em></strong></span> <span class='ocrx_word' id='word_1_98' title='bbox 1256 1534 1345 1602; x_wconf 85' lang='grc' dir='ltr'><strong><em>εἴασε</em></strong></span> <span class='ocrx_word' id='word_1_99' title='bbox 1365 1539 1412 1600; x_wconf 91' lang='grc' dir='ltr'>δι.</span> 
     </span>
     <span class='ocr_line' id='line_1_14' title="bbox 309 1636 1411 1724; baseline -0.006 -23"><span class='ocrx_word' id='word_1_100' title='bbox 309 1649 406 1704; x_wconf 81' lang='grc' dir='ltr'><strong><em>οικείν</em></strong></span> <span class='ocrx_word' id='word_1_101' title='bbox 435 1643 491 1705; x_wconf 79' lang='grc' dir='ltr'><strong><em>κατ’</em></strong></span> <span class='ocrx_word' id='word_1_102' title='bbox 521 1641 675 1723; x_wconf 79' lang='grc' dir='ltr'><strong><em>κυβερνᾶν</em></strong></span> <span class='ocrx_word' id='word_1_103' title='bbox 703 1637 763 1724; x_wconf 70' lang='grc' dir='ltr'><strong><em>τήν</em></strong></span> <span class='ocrx_word' id='word_1_104' title='bbox 791 1638 884 1702; x_wconf 91' lang='grc' dir='ltr'><strong><em>πόλιν</em></strong></span> <span class='ocrx_word' id='word_1_105' title='bbox 911 1637 969 1702; x_wconf 81' lang='grc' dir='ltr'>καί</span> <span class='ocrx_word' id='word_1_106' title='bbox 998 1636 1056 1721; x_wconf 70' lang='grc' dir='ltr'><strong><em>τήν</em></strong></span> <span class='ocrx_word' id='word_1_107' title='bbox 1082 1639 1261 1718; x_wconf 81' lang='grc' dir='ltr'><strong><em>βασιλείαν.</em></strong></span> <span class='ocrx_word' id='word_1_108' title='bbox 1314 1636 1411 1700; x_wconf 85' lang='grc' dir='ltr'><strong><em>πλεό.</em></strong></span> 
     </span>
     <span class='ocr_line' id='line_1_15' title="bbox 308 1735 1410 1824; baseline -0.005 -20"><span class='ocrx_word' id='word_1_109' title='bbox 308 1761 424 1814; x_wconf 81' lang='grc' dir='ltr'><strong><em>σαντος</em></strong></span> <span class='ocrx_word' id='word_1_110' title='bbox 447 1741 484 1804; x_wconf 79' lang='grc' dir='ltr'>δὲ</span> <span class='ocrx_word' id='word_1_111' title='bbox 513 1740 570 1804; x_wconf 81' lang='grc' dir='ltr'>τοῦ</span> <span class='ocrx_word' id='word_1_112' title='bbox 602 1743 776 1820; x_wconf 77' lang='grc' dir='ltr'><strong><em>βασιλέως,</em></strong></span> <span class='ocrx_word' id='word_1_113' title='bbox 805 1735 952 1824; x_wconf 78' lang='grc' dir='ltr'><strong><em>ἔφθασεν</em></strong></span> <span class='ocrx_word' id='word_1_114' title='bbox 979 1738 1014 1800; x_wconf 79' lang='grc' dir='ltr'><strong><em>ἐν</em></strong></span> <span class='ocrx_word' id='word_1_115' title='bbox 1033 1740 1075 1822; x_wconf 79' lang='grc' dir='ltr'>τῇ</span> <span class='ocrx_word' id='word_1_116' title='bbox 1095 1738 1213 1824; x_wconf 88' lang='grc' dir='ltr'><strong><em>Ἰταλίᾳ</em></strong></span> <span class='ocrx_word' id='word_1_117' title='bbox 1234 1737 1268 1799; x_wconf 74' lang='grc' dir='ltr'><strong><em>ἐν</em></strong></span> <span class='ocrx_word' id='word_1_118' title='bbox 1288 1738 1329 1823; x_wconf 77' lang='grc' dir='ltr'>τῇ</span> <span class='ocrx_word' id='word_1_119' title='bbox 1350 1738 1410 1800; x_wconf 81' lang='grc' dir='ltr'><strong><em>τῶν</em></strong></span> 
     </span>
     <span class='ocr_line' id='line_1_16' title="bbox 304 1827 1452 1928; baseline -0.007 -24"><span class='ocrx_word' id='word_1_120' title='bbox 304 1839 431 1904; x_wconf 72' lang='grc' dir='ltr'><strong><em>Ἑνετῶν</em></strong></span> <span class='ocrx_word' id='word_1_121' title='bbox 461 1837 565 1928; x_wconf 76' lang='grc' dir='ltr'><strong><em>ὦραίᾳ</em></strong></span> <span class='ocrx_word' id='word_1_122' title='bbox 594 1836 702 1918; x_wconf 85' lang='grc' dir='ltr'><strong><em>πόλει,</em></strong></span> <span class='ocrx_word' id='word_1_123' title='bbox 734 1837 827 1921; x_wconf 79' lang='grc' dir='ltr'>καόῆ</span> <span class='ocrx_word' id='word_1_124' title='bbox 857 1840 1010 1922; x_wconf 85' lang='grc' dir='ltr'><strong><em>γερουσία</em></strong></span> <span class='ocrx_word' id='word_1_125' title='bbox 1034 1831 1144 1901; x_wconf 67' lang='lat' dir='ltr'>duona</span> <span class='ocrx_word' id='word_1_126' title='bbox 1163 1836 1258 1916; x_wconf 84' lang='grc' dir='ltr'><strong><em>τῆσδε</em></strong></span> <span class='ocrx_word' id='word_1_127' title='bbox 1275 1839 1332 1919; x_wconf 81' lang='grc' dir='ltr'>τῆς</span> <span class='ocrx_word' id='word_1_128' title='bbox 1353 1827 1452 1897; x_wconf 82' lang='lat' dir='ltr'>nri-15</span> 
     </span>
     <span class='ocr_line' id='line_1_17' title="bbox 308 1931 1410 2022; baseline -0.007 -18"><span class='ocrx_word' id='word_1_129' title='bbox 308 1945 387 2015; x_wconf 85' lang='grc' dir='ltr'><strong><em>λεως</em></strong></span> <span class='ocrx_word' id='word_1_130' title='bbox 408 1931 554 2020; x_wconf 84' lang='grc' dir='ltr'><strong><em>άσμένιος</em></strong></span> <span class='ocrx_word' id='word_1_131' title='bbox 575 1941 685 2002; x_wconf 81' lang='grc' dir='ltr'><strong><em>τοῦτον</em></strong></span> <span class='ocrx_word' id='word_1_132' title='bbox 701 1938 862 2013; x_wconf 79' lang='grc' dir='ltr'><strong><em>ε’δέξανιο·</em></strong></span> <span class='ocrx_word' id='word_1_133' title='bbox 903 1940 980 2019; x_wconf 82' lang='grc' dir='ltr'><strong><em>περί</em></strong></span> <span class='ocrx_word' id='word_1_134' title='bbox 1000 1938 1036 2000; x_wconf 80' lang='grc' dir='ltr'>δὲ</span> <span class='ocrx_word' id='word_1_135' title='bbox 1058 1938 1118 2000; x_wconf 84' lang='grc' dir='ltr'>τοῦ</span> <span class='ocrx_word' id='word_1_136' title='bbox 1140 1937 1302 2017; x_wconf 76' lang='grc' dir='ltr'><strong><em>βοηθῆσαι</em></strong></span> <span class='ocrx_word' id='word_1_137' title='bbox 1325 1935 1410 2022; x_wconf 68' lang='lat' dir='ltr'>edroi</span> 
     </span>
     <span class='ocr_line' id='line_1_18' title="bbox 309 2031 1407 2125; baseline -0.005 -24"><span class='ocrx_word' id='word_1_138' title='bbox 309 2039 367 2103; x_wconf 85' lang='grc' dir='ltr'>οόκ</span> <span class='ocrx_word' id='word_1_139' title='bbox 388 2031 429 2122; x_wconf 77' lang='grc' dir='ltr'><strong><em>ἦν</em></strong></span> <span class='ocrx_word' id='word_1_140' title='bbox 449 2037 539 2125; x_wconf 72' lang='grc' dir='ltr'><strong><em>φωνὴ</em></strong></span> <span class='ocrx_word' id='word_1_141' title='bbox 560 2037 616 2101; x_wconf 80' lang='grc' dir='ltr'>καὶ</span> <span class='ocrx_word' id='word_1_142' title='bbox 637 2039 695 2100; x_wconf 83' lang='grc' dir='ltr'>οδκ</span> <span class='ocrx_word' id='word_1_143' title='bbox 716 2031 756 2120; x_wconf 83' lang='grc' dir='ltr'><strong><em>ἦν</em></strong></span> <span class='ocrx_word' id='word_1_144' title='bbox 787 2035 955 2122; x_wconf 74' lang='grc' dir='ltr'><strong><em>ἀκρόασις.</em></strong></span> <span class='ocrx_word' id='word_1_145' title='bbox 997 2035 1145 2098; x_wconf 81' lang='grc' dir='ltr'><strong><em>κάκεῑθεν</em></strong></span> <span class='ocrx_word' id='word_1_146' title='bbox 1168 2033 1305 2111; x_wconf 71' lang='grc' dir='ltr'><strong><em>ἐξελθών</em></strong></span> <span class='ocrx_word' id='word_1_147' title='bbox 1327 2034 1407 2117; x_wconf 85' lang='grc' dir='ltr'><strong><em>πρός</em></strong></span> 
     </span>
     <span class='ocr_line' id='line_1_19' title="bbox 306 2131 1407 2223; baseline -0.002 -21"><span class='ocrx_word' id='word_1_148' title='bbox 306 2137 361 2203; x_wconf 88' lang='grc' dir='ltr'><strong><em>τόν</em></strong></span> <span class='ocrx_word' id='word_1_149' title='bbox 382 2138 465 2223; x_wconf 77' lang='grc' dir='ltr'>ρῆγα</span> <span class='ocrx_word' id='word_1_150' title='bbox 484 2135 648 2221; x_wconf 82' lang='grc' dir='ltr'><strong><em>Φραγιιόας</em></strong></span> <span class='ocrx_word' id='word_1_151' title='bbox 670 2133 821 2220; x_wconf 86' lang='grc' dir='ltr'><strong><em>Κάρολον</em></strong></span> <span class='ocrx_word' id='word_1_152' title='bbox 854 2133 959 2201; x_wconf 85' lang='grc' dir='ltr'><strong><em>ε’λθιόν</em></strong></span> <span class='ocrx_word' id='word_1_153' title='bbox 991 2135 1086 2199; x_wconf 81' lang='grc' dir='ltr'><strong><em>ου’δὲν</em></strong></span> <span class='ocrx_word' id='word_1_154' title='bbox 1114 2131 1326 2217; x_wconf 80' lang='grc' dir='ltr'><strong><em>ὲκιιτάρθωσε</em></strong></span> <span class='ocrx_word' id='word_1_155' title='bbox 1355 2134 1407 2200; x_wconf 86' lang='grc' dir='ltr'><strong><em>διά</em></strong></span> 
     </span>
     <span class='ocr_line' id='line_1_20' title="bbox 308 2229 1411 2321; baseline -0.004 -20"><span class='ocrx_word' id='word_1_156' title='bbox 308 2234 345 2301; x_wconf 90' lang='grc' dir='ltr'>τό</span> <span class='ocrx_word' id='word_1_157' title='bbox 376 2239 636 2321; x_wconf 78' lang='grc' dir='ltr'><strong><em>περισπωμένους</em></strong></span> <span class='ocrx_word' id='word_1_158' title='bbox 665 2229 748 2301; x_wconf 85' lang='grc' dir='ltr'><strong><em>εἶναι</em></strong></span> <span class='ocrx_word' id='word_1_159' title='bbox 778 2235 896 2310; x_wconf 83' lang='grc' dir='ltr'><strong><em>αότοός</em></strong></span> <span class='ocrx_word' id='word_1_160' title='bbox 923 2236 981 2299; x_wconf 75' lang='grc' dir='ltr'>κατ’</span> <span class='ocrx_word' id='word_1_161' title='bbox 1008 2232 1189 2314; x_wconf 81' lang='grc' dir='ltr'><strong><em>άναμεταξύ</em></strong></span> <span class='ocrx_word' id='word_1_162' title='bbox 1221 2231 1331 2315; x_wconf 80' lang='grc' dir='ltr'><strong><em>μάχας</em></strong></span> <span class='ocrx_word' id='word_1_163' title='bbox 1356 2238 1411 2300; x_wconf 87' lang='grc' dir='ltr'>καί</span> 
     </span>
     <span class='ocr_line' id='line_1_21' title="bbox 308 2332 1452 2420; baseline 0 -20"><span class='ocrx_word' id='word_1_164' title='bbox 308 2333 472 2401; x_wconf 85' lang='grc' dir='ltr'><strong><em>σκάνδαλα</em></strong></span> <span class='ocrx_word' id='word_1_165' title='bbox 506 2333 649 2419; x_wconf 81' lang='grc' dir='ltr'><strong><em>ἔχοντας.</em></strong></span> <span class='ocrx_word' id='word_1_166' title='bbox 706 2339 760 2400; x_wconf 82' lang='grc' dir='ltr'>καὶ</span> <span class='ocrx_word' id='word_1_167' title='bbox 780 2332 957 2420; x_wconf 83' lang='grc' dir='ltr'><strong><em>χρημάτων</em></strong></span> <span class='ocrx_word' id='word_1_168' title='bbox 984 2335 1081 2416; x_wconf 89' lang='grc' dir='ltr'><strong><em>μόνον</em></strong></span> <span class='ocrx_word' id='word_1_169' title='bbox 1101 2337 1223 2417; x_wconf 73' lang='grc' dir='ltr'><strong><em>πλῆθος</em></strong></span> <span class='ocrx_word' id='word_1_170' title='bbox 1244 2333 1452 2409; x_wconf 74' lang='grc' dir='ltr'><strong><em>ιίναλάσαςτσ</em></strong></span> 
     </span>
    </p>
   </div>
   <div class='ocr_carea' id='block_1_3' title="bbox 306 2429 1408 2822">
    <p class='ocr_par' dir='ltr' id='par_1_4' title="bbox 306 2429 1408 2822">
     <span class='ocr_line' id='line_1_22' title="bbox 308 2429 1408 2527; baseline -0.002 -26"><span class='ocrx_word' id='word_1_171' title='bbox 308 2440 363 2501; x_wconf 86' lang='grc' dir='ltr'>καί</span> <span class='ocrx_word' id='word_1_172' title='bbox 382 2435 494 2499; x_wconf 88' lang='grc' dir='ltr'><strong><em>δάνεια</em></strong></span> <span class='ocrx_word' id='word_1_173' title='bbox 515 2433 617 2499; x_wconf 89' lang='grc' dir='ltr'><strong><em>πολλά</em></strong></span> <span class='ocrx_word' id='word_1_174' title='bbox 638 2431 746 2517; x_wconf 62' lang='lat' dir='ltr'>tando</span> <span class='ocrx_word' id='word_1_175' title='bbox 771 2433 825 2499; x_wconf 85' lang='grc' dir='ltr'><strong><em>διά</em></strong></span> <span class='ocrx_word' id='word_1_176' title='bbox 847 2432 884 2499; x_wconf 90' lang='grc' dir='ltr'>τό</span> <span class='ocrx_word' id='word_1_177' title='bbox 907 2429 991 2501; x_wconf 81' lang='grc' dir='ltr'><strong><em>εἶναι</em></strong></span> <span class='ocrx_word' id='word_1_178' title='bbox 1003 2433 1143 2527; x_wconf 78' lang='grc' dir='ltr'><strong><em>μεγάλην</em></strong></span> <span class='ocrx_word' id='word_1_179' title='bbox 1163 2433 1222 2517; x_wconf 76' lang='grc' dir='ltr'><strong><em>τήν</em></strong></span> <span class='ocrx_word' id='word_1_180' title='bbox 1242 2435 1276 2499; x_wconf 80' lang='grc' dir='ltr'><strong><em>ἕν</em></strong></span> <span class='ocrx_word' id='word_1_181' title='bbox 1295 2435 1408 2521; x_wconf 85' lang='grc' dir='ltr'><strong><em>Ἰταλίᾳ</em></strong></span> 
     </span>
     <span class='ocr_line' id='line_1_23' title="bbox 308 2531 1406 2621; baseline -0.001 -21"><span class='ocrx_word' id='word_1_182' title='bbox 308 2532 476 2619; x_wconf 74' lang='grc' dir='ltr'><strong><em>δαπάνην,</em></strong></span> <span class='ocrx_word' id='word_1_183' title='bbox 499 2538 556 2599; x_wconf 85' lang='grc' dir='ltr'>καί</span> <span class='ocrx_word' id='word_1_184' title='bbox 573 2536 620 2610; x_wconf 79' lang='grc' dir='ltr'>εἰς</span> <span class='ocrx_word' id='word_1_185' title='bbox 638 2531 778 2599; x_wconf 82' lang='grc' dir='ltr'><strong><em>Ἑνετιίιν</em></strong></span> <span class='ocrx_word' id='word_1_186' title='bbox 800 2536 1008 2617; x_wconf 79' lang='grc' dir='ltr'><strong><em>άναστρόψας</em></strong></span> <span class='ocrx_word' id='word_1_187' title='bbox 1028 2534 1150 2621; x_wconf 80' lang='grc' dir='ltr'><strong><em>ἔγραφε</em></strong></span> <span class='ocrx_word' id='word_1_188' title='bbox 1170 2533 1225 2599; x_wconf 90' lang='grc' dir='ltr'><strong><em>διά</em></strong></span> <span class='ocrx_word' id='word_1_189' title='bbox 1246 2533 1406 2619; x_wconf 86' lang='grc' dir='ltr'><strong><em>ταχνδρό-</em></strong></span> 
     </span>
     <span class='ocr_line' id='line_1_24' title="bbox 306 2630 1407 2722; baseline 0.002 -25"><span class='ocrx_word' id='word_1_190' title='bbox 306 2656 371 2715; x_wconf 86' lang='grc' dir='ltr'>μου</span> <span class='ocrx_word' id='word_1_191' title='bbox 400 2636 446 2722; x_wconf 75' lang='grc' dir='ltr'>τῷ</span> <span class='ocrx_word' id='word_1_192' title='bbox 476 2631 537 2721; x_wconf 75' lang='grc' dir='ltr'>υἱῷ</span> <span class='ocrx_word' id='word_1_193' title='bbox 567 2634 674 2699; x_wconf 69' lang='grc' dir='ltr'><strong><em>αὑτοῦ</em></strong></span> <span class='ocrx_word' id='word_1_194' title='bbox 698 2632 888 2721; x_wconf 76' lang='grc' dir='ltr'><strong><em>Ἀνδρονίκῳ</em></strong></span> <span class='ocrx_word' id='word_1_195' title='bbox 915 2634 969 2697; x_wconf 73' lang='grc' dir='ltr'><strong><em>ἵνα</em></strong></span> <span class='ocrx_word' id='word_1_196' title='bbox 996 2634 1112 2719; x_wconf 76' lang='grc' dir='ltr'><strong><em>ποιήσῃ</em></strong></span> <span class='ocrx_word' id='word_1_197' title='bbox 1140 2630 1256 2717; x_wconf 89' lang='grc' dir='ltr'><strong><em>τρόπον</em></strong></span> <span class='ocrx_word' id='word_1_198' title='bbox 1283 2641 1407 2701; x_wconf 85' lang='grc' dir='ltr'><strong><em>στεῖλαι</em></strong></span> 
     </span>
     <span class='ocr_line' id='line_1_25' title="bbox 306 2726 1405 2822; baseline -0.004 -21"><span class='ocrx_word' id='word_1_199' title='bbox 306 2734 394 2822; x_wconf 70' lang='grc' dir='ltr'>αὐτῷ</span> <span class='ocrx_word' id='word_1_200' title='bbox 411 2735 574 2819; x_wconf 81' lang='grc' dir='ltr'><strong><em>χρήματα,</em></strong></span> <span class='ocrx_word' id='word_1_201' title='bbox 595 2726 682 2809; x_wconf 80' lang='grc' dir='ltr'><strong><em>ὅπως</em></strong></span> <span class='ocrx_word' id='word_1_202' title='bbox 702 2731 743 2798; x_wconf 87' lang='grc' dir='ltr'><strong><em>τά</em></strong></span> <span class='ocrx_word' id='word_1_203' title='bbox 767 2731 879 2797; x_wconf 83' lang='grc' dir='ltr'><strong><em>δάνεια</em></strong></span> <span class='ocrx_word' id='word_1_204' title='bbox 899 2730 1050 2816; x_wconf 59' lang='lat' dir='ltr'>titano</span> <span class='ocrx_word' id='word_1_205' title='bbox 1070 2731 1232 2821; x_wconf 79' lang='grc' dir='ltr'><strong><em>άποδοόσᾳ,</em></strong></span> <span class='ocrx_word' id='word_1_206' title='bbox 1253 2736 1310 2799; x_wconf 84' lang='grc' dir='ltr'>καί</span> <span class='ocrx_word' id='word_1_207' title='bbox 1330 2734 1405 2800; x_wconf 88' lang='grc' dir='ltr'><strong><em>άνα-</em></strong></span> 
     </span>
    </p>
   </div>
   <div class='ocr_carea' id='block_1_4' title="bbox 375 2850 887 2927">
    <p class='ocr_par' dir='ltr' id='par_1_5' title="bbox 375 2850 887 2927">
     <span class='ocr_line' id='line_1_26' title="bbox 375 2850 887 2927; baseline 0 -22"><span class='ocrx_word' id='word_1_208' title='bbox 375 2868 401 2906; x_wconf 79' lang='lat' dir='ltr'>n.</span> <span class='ocrx_word' id='word_1_209' title='bbox 420 2854 530 2925; x_wconf 80' lang='grc' dir='ltr'><strong><em>ἔγραψε</em></strong></span> <span class='ocrx_word' id='word_1_210' title='bbox 547 2852 566 2905; x_wconf 84' lang='grc' dir='ltr'><strong><em>Ρ</em></strong></span> <span class='ocrx_word' id='word_1_211' title='bbox 655 2870 679 2923; x_wconf 85' lang='grc' dir='ltr'>γ.</span> <span class='ocrx_word' id='word_1_212' title='bbox 697 2850 744 2926; x_wconf 78' lang='grc' dir='ltr'>τᾳ]</span> <span class='ocrx_word' id='word_1_213' title='bbox 763 2857 838 2927; x_wconf 77' lang='grc' dir='ltr'><strong><em>τρίιᾳ</em></strong></span> <span class='ocrx_word' id='word_1_214' title='bbox 858 2852 887 2905; x_wconf 85' lang='grc' dir='ltr'><strong>Μ</strong></span> 
     </span>
    </p>
   </div>
   <div class='ocr_carea' id='block_1_5' title="bbox 303 2954 1405 4232">
    <p class='ocr_par' dir='ltr' id='par_1_6' title="bbox 305 2954 1405 3223">
     <span class='ocr_line' id='line_1_27' title="bbox 306 2954 1405 3028; baseline 0.001 -19"><span class='ocrx_word' id='word_1_215' title='bbox 306 2956 440 3009; x_wconf 77' lang='lat' dir='ltr'>laudatur.</span> <span class='ocrx_word' id='word_1_216' title='bbox 459 2957 602 3027; x_wconf 77' lang='lat' dir='ltr'>aliquanto</span> <span class='ocrx_word' id='word_1_217' title='bbox 620 2964 683 3027; x_wconf 84' lang='lat' dir='ltr'>poet</span> <span class='ocrx_word' id='word_1_218' title='bbox 699 2958 827 3009; x_wconf 86' lang='lat' dir='ltr'><strong>nonnulli</strong></span> <span class='ocrx_word' id='word_1_219' title='bbox 852 2956 967 3027; x_wconf 70' lang='lat' dir='ltr'>spectati</span> <span class='ocrx_word' id='word_1_220' title='bbox 987 2964 1015 3009; x_wconf 89' lang='lat' dir='ltr'>et</span> <span class='ocrx_word' id='word_1_221' title='bbox 1031 2956 1139 3008; x_wconf 81' lang='lat' dir='ltr'>nobiles</span> <span class='ocrx_word' id='word_1_222' title='bbox 1157 2954 1304 3009; x_wconf 79' lang='lat' dir='ltr'>Christiani</span> <span class='ocrx_word' id='word_1_223' title='bbox 1324 2966 1405 3028; x_wconf 79' lang='lat' dir='ltr'>utque</span> 
     </span>
     <span class='ocr_line' id='line_1_28' title="bbox 305 3028 1405 3097; baseline 0 -17"><span class='ocrx_word' id='word_1_224' title='bbox 305 3030 422 3097; x_wconf 76' lang='lat' dir='ltr'>Agoreni</span> <span class='ocrx_word' id='word_1_225' title='bbox 441 3030 595 3081; x_wconf 79' lang='lat' dir='ltr'>Arnurntem</span> <span class='ocrx_word' id='word_1_226' title='bbox 620 3037 798 3097; x_wconf 80' lang='lat' dir='ltr'>rogaverunt,</span> <span class='ocrx_word' id='word_1_227' title='bbox 823 3038 855 3080; x_wconf 87' lang='lat' dir='ltr'>ut</span> <span class='ocrx_word' id='word_1_228' title='bbox 871 3030 971 3081; x_wconf 82' lang='lat' dir='ltr'>litteric</span> <span class='ocrx_word' id='word_1_229' title='bbox 995 3028 1112 3079; x_wconf 75' lang='lat' dir='ltr'>iohanni</span> <span class='ocrx_word' id='word_1_230' title='bbox 1132 3029 1291 3097; x_wconf 84' lang='lat' dir='ltr'>imperatori</span> <span class='ocrx_word' id='word_1_231' title='bbox 1310 3030 1405 3082; x_wconf 75' lang='lat' dir='ltr'>strade-</span> 
     </span>
     <span class='ocr_line' id='line_1_29' title="bbox 306 3098 1405 3171; baseline 0.003 -21"><span class='ocrx_word' id='word_1_232' title='bbox 306 3110 356 3163; x_wconf 82' lang='lat' dir='ltr'>ret,</span> <span class='ocrx_word' id='word_1_233' title='bbox 366 3100 551 3152; x_wconf 77' lang='lat' dir='ltr'><strong>Andronicum</strong></span> <span class='ocrx_word' id='word_1_234' title='bbox 570 3098 711 3171; x_wconf 74' lang='lat' dir='ltr'>despoton</span> <span class='ocrx_word' id='word_1_235' title='bbox 727 3100 872 3153; x_wconf 78' lang='lat' dir='ltr'>evinculir</span> <span class='ocrx_word' id='word_1_236' title='bbox 883 3099 1027 3152; x_wconf 78' lang='lat' dir='ltr'>liberaret:</span> <span class='ocrx_word' id='word_1_237' title='bbox 1043 3115 1096 3151; x_wconf 86' lang='lat' dir='ltr'>neo</span> <span class='ocrx_word' id='word_1_238' title='bbox 1112 3115 1169 3151; x_wconf 85' lang='lat' dir='ltr'>non</span> <span class='ocrx_word' id='word_1_239' title='bbox 1180 3098 1349 3153; x_wconf 70' lang='lat' dir='ltr'>tenetentum</span> <span class='ocrx_word' id='word_1_240' title='bbox 1365 3108 1405 3152; x_wconf 78' lang='lat' dir='ltr'>eet</span> 
     </span>
     <span class='ocr_line' id='line_1_30' title="bbox 305 3171 580 3223; baseline 0.007 -2"><span class='ocrx_word' id='word_1_241' title='bbox 305 3173 415 3222; x_wconf 89' lang='lat' dir='ltr'>iiiornm</span> <span class='ocrx_word' id='word_1_242' title='bbox 437 3171 580 3223; x_wconf 75' lang='lat' dir='ltr'>volontati.</span> 
     </span>
    </p>

    <p class='ocr_par' dir='ltr' id='par_1_7' title="bbox 303 3240 1404 4232">
     <span class='ocr_line' id='line_1_31' title="bbox 376 3240 1404 3310; baseline 0.001 -17"><span class='ocrx_word' id='word_1_243' title='bbox 376 3241 465 3293; x_wconf 81' lang='lat' dir='ltr'>flebne</span> <span class='ocrx_word' id='word_1_244' title='bbox 484 3242 522 3293; x_wconf 82' lang='lat' dir='ltr'>ite</span> <span class='ocrx_word' id='word_1_245' title='bbox 541 3242 704 3303; x_wconf 75' lang='lat' dir='ltr'>constitutis,</span> <span class='ocrx_word' id='word_1_246' title='bbox 723 3241 879 3309; x_wconf 86' lang='lat' dir='ltr'>imperator,</span> <span class='ocrx_word' id='word_1_247' title='bbox 899 3257 984 3310; x_wconf 88' lang='lat' dir='ltr'>quum</span> <span class='ocrx_word' id='word_1_248' title='bbox 1002 3241 1152 3291; x_wconf 83' lang='lat' dir='ltr'>Romanum</span> <span class='ocrx_word' id='word_1_249' title='bbox 1170 3240 1313 3309; x_wconf 87' lang='lat' dir='ltr'>imperium</span> <span class='ocrx_word' id='word_1_250' title='bbox 1332 3244 1404 3294; x_wconf 88' lang='lat' dir='ltr'>omni</span> 
     </span>
     <span class='ocr_line' id='line_1_32' title="bbox 306 3309 1404 3382; baseline -0.001 -19"><span class='ocrx_word' id='word_1_251' title='bbox 306 3316 387 3363; x_wconf 86' lang='lat' dir='ltr'>ruodo</span> <span class='ocrx_word' id='word_1_252' title='bbox 406 3312 536 3365; x_wconf 69' lang='lat' dir='ltr'>vilescere</span> <span class='ocrx_word' id='word_1_253' title='bbox 554 3321 583 3364; x_wconf 87' lang='lat' dir='ltr'>et</span> <span class='ocrx_word' id='word_1_254' title='bbox 602 3312 632 3363; x_wconf 90' lang='lat' dir='ltr'>iu</span> <span class='ocrx_word' id='word_1_255' title='bbox 651 3321 794 3381; x_wconf 76' lang='lat' dir='ltr'>augustum</span> <span class='ocrx_word' id='word_1_256' title='bbox 811 3310 897 3379; x_wconf 77' lang='lat' dir='ltr'>redigi</span> <span class='ocrx_word' id='word_1_257' title='bbox 924 3319 953 3362; x_wconf 84' lang='lat' dir='ltr'>et</span> <span class='ocrx_word' id='word_1_258' title='bbox 972 3310 1003 3362; x_wconf 89' lang='lat' dir='ltr'>iu</span> <span class='ocrx_word' id='word_1_259' title='bbox 1020 3309 1079 3363; x_wconf 79' lang='lat' dir='ltr'>dieo</span> <span class='ocrx_word' id='word_1_260' title='bbox 1095 3312 1181 3379; x_wconf 77' lang='lat' dir='ltr'>magio</span> <span class='ocrx_word' id='word_1_261' title='bbox 1197 3328 1277 3363; x_wconf 87' lang='lat' dir='ltr'>ruere</span> <span class='ocrx_word' id='word_1_262' title='bbox 1293 3314 1324 3365; x_wconf 88' lang='lat' dir='ltr'>iu</span> <span class='ocrx_word' id='word_1_263' title='bbox 1342 3331 1404 3382; x_wconf 84' lang='lat' dir='ltr'>per.</span> 
     </span>
     <span class='ocr_line' id='line_1_33' title="bbox 305 3382 1403 3451; baseline 0.001 -16"><span class='ocrx_word' id='word_1_264' title='bbox 305 3384 421 3445; x_wconf 79' lang='lat' dir='ltr'>niciom,</span> <span class='ocrx_word' id='word_1_265' title='bbox 440 3391 534 3434; x_wconf 85' lang='lat' dir='ltr'>contra</span> <span class='ocrx_word' id='word_1_266' title='bbox 550 3384 700 3435; x_wconf 85' lang='lat' dir='ltr'>Turcoruru</span> <span class='ocrx_word' id='word_1_267' title='bbox 719 3399 830 3451; x_wconf 79' lang='lat' dir='ltr'>reguum</span> <span class='ocrx_word' id='word_1_268' title='bbox 847 3382 883 3433; x_wconf 84' lang='lat' dir='ltr'>od</span> <span class='ocrx_word' id='word_1_269' title='bbox 900 3398 1033 3433; x_wconf 84' lang='lat' dir='ltr'>commum</span> <span class='ocrx_word' id='word_1_270' title='bbox 1052 3398 1172 3433; x_wconf 75' lang='lat' dir='ltr'>crescere</span> <span class='ocrx_word' id='word_1_271' title='bbox 1189 3382 1326 3449; x_wconf 77' lang='lat' dir='ltr'>fastigium</span> <span class='ocrx_word' id='word_1_272' title='bbox 1344 3386 1403 3436; x_wconf 79' lang='lat' dir='ltr'>uui-</span> 
     </span>
     <span class='ocr_line' id='line_1_34' title="bbox 304 3452 1402 3522; baseline 0.001 -17"><span class='ocrx_word' id='word_1_273' title='bbox 304 3454 505 3517; x_wconf 82' lang='lat' dir='ltr'>nindvertcret,</span> <span class='ocrx_word' id='word_1_274' title='bbox 524 3457 685 3522; x_wconf 76' lang='lat' dir='ltr'>comparatio</span> <span class='ocrx_word' id='word_1_275' title='bbox 707 3454 815 3522; x_wconf 75' lang='lat' dir='ltr'>aliquot</span> <span class='ocrx_word' id='word_1_276' title='bbox 831 3452 1004 3515; x_wconf 80' lang='lat' dir='ltr'>triremibus,</span> <span class='ocrx_word' id='word_1_277' title='bbox 1023 3453 1051 3503; x_wconf 90' lang='lat' dir='ltr'>in</span> <span class='ocrx_word' id='word_1_278' title='bbox 1068 3453 1174 3504; x_wconf 80' lang='lat' dir='ltr'>italiam</span> <span class='ocrx_word' id='word_1_279' title='bbox 1192 3454 1254 3504; x_wconf 82' lang='lat' dir='ltr'>vela</span> <span class='ocrx_word' id='word_1_280' title='bbox 1272 3454 1352 3517; x_wconf 83' lang='lat' dir='ltr'>fecit,</span> <span class='ocrx_word' id='word_1_281' title='bbox 1367 3456 1402 3506; x_wconf 85' lang='lat' dir='ltr'>nb</span> 
     </span>
     <span class='ocr_line' id='line_1_35' title="bbox 306 3524 1403 3593; baseline 0 -18"><span class='ocrx_word' id='word_1_282' title='bbox 306 3526 365 3576; x_wconf 86' lang='lat' dir='ltr'>eius</span> <span class='ocrx_word' id='word_1_283' title='bbox 383 3534 471 3575; x_wconf 81' lang='lat' dir='ltr'>terrae</span> <span class='ocrx_word' id='word_1_284' title='bbox 487 3524 673 3593; x_wconf 71' lang='lat' dir='ltr'>principibus,</span> <span class='ocrx_word' id='word_1_285' title='bbox 693 3542 727 3575; x_wconf 89' lang='lat' dir='ltr'>ne</span> <span class='ocrx_word' id='word_1_286' title='bbox 741 3526 921 3575; x_wconf 81' lang='lat' dir='ltr'>Romanorum</span> <span class='ocrx_word' id='word_1_287' title='bbox 939 3524 1081 3591; x_wconf 87' lang='lat' dir='ltr'>imperinm</span> <span class='ocrx_word' id='word_1_288' title='bbox 1101 3540 1209 3591; x_wconf 72' lang='lat' dir='ltr'>prorsus</span> <span class='ocrx_word' id='word_1_289' title='bbox 1226 3534 1403 3587; x_wconf 74' lang='lat' dir='ltr'>everteretur,</span> 
     </span>
     <span class='ocr_line' id='line_1_36' title="bbox 303 3594 1402 3665; baseline 0.001 -20"><span class='ocrx_word' id='word_1_290' title='bbox 303 3596 442 3665; x_wconf 77' lang='lat' dir='ltr'>petiturus</span> <span class='ocrx_word' id='word_1_291' title='bbox 460 3594 572 3645; x_wconf 78' lang='lat' dir='ltr'>auxilia.</span> <span class='ocrx_word' id='word_1_292' title='bbox 589 3595 724 3647; x_wconf 79' lang='lat' dir='ltr'>commisit</span> <span class='ocrx_word' id='word_1_293' title='bbox 743 3612 848 3657; x_wconf 85' lang='lat' dir='ltr'>rursus,</span> <span class='ocrx_word' id='word_1_294' title='bbox 871 3594 936 3644; x_wconf 87' lang='lat' dir='ltr'>dum</span> <span class='ocrx_word' id='word_1_295' title='bbox 956 3594 1073 3653; x_wconf 83' lang='lat' dir='ltr'>rediret,</span> <span class='ocrx_word' id='word_1_296' title='bbox 1091 3594 1247 3645; x_wconf 83' lang='lat' dir='ltr'>Andronico</span> <span class='ocrx_word' id='word_1_297' title='bbox 1272 3596 1402 3664; x_wconf 79' lang='lat' dir='ltr'>despotoe</span> 
     </span>
     <span class='ocr_line' id='line_1_37' title="bbox 305 3664 1402 3735; baseline 0.002 -19"><span class='ocrx_word' id='word_1_298' title='bbox 305 3667 379 3717; x_wconf 79' lang='lat' dir='ltr'>urbis</span> <span class='ocrx_word' id='word_1_299' title='bbox 399 3666 542 3735; x_wconf 82' lang='lat' dir='ltr'>etimperii</span> <span class='ocrx_word' id='word_1_300' title='bbox 562 3667 789 3735; x_wconf 75' lang='lat' dir='ltr'>procurationem.</span> <span class='ocrx_word' id='word_1_301' title='bbox 810 3667 840 3716; x_wconf 95' lang='lat' dir='ltr'>iu</span> <span class='ocrx_word' id='word_1_302' title='bbox 852 3666 960 3716; x_wconf 78' lang='lat' dir='ltr'>ltaliam</span> <span class='ocrx_word' id='word_1_303' title='bbox 976 3664 1095 3722; x_wconf 81' lang='lat' dir='ltr'>delatos,</span> <span class='ocrx_word' id='word_1_304' title='bbox 1111 3666 1228 3731; x_wconf 85' lang='lat' dir='ltr'>primum</span> <span class='ocrx_word' id='word_1_305' title='bbox 1239 3666 1402 3718; x_wconf 80' lang='lat' dir='ltr'>Venetorum</span> 
     </span>
     <span class='ocr_line' id='line_1_38' title="bbox 306 3735 1403 3806; baseline 0.002 -19"><span class='ocrx_word' id='word_1_306' title='bbox 306 3737 447 3789; x_wconf 79' lang='lat' dir='ltr'>florentem</span> <span class='ocrx_word' id='word_1_307' title='bbox 467 3737 561 3787; x_wconf 86' lang='lat' dir='ltr'>urbem</span> <span class='ocrx_word' id='word_1_308' title='bbox 583 3736 660 3799; x_wconf 84' lang='lat' dir='ltr'>odiit,</span> <span class='ocrx_word' id='word_1_309' title='bbox 682 3745 710 3788; x_wconf 85' lang='lat' dir='ltr'>ot</span> <span class='ocrx_word' id='word_1_310' title='bbox 730 3736 879 3788; x_wconf 87' lang='lat' dir='ltr'>honorifice</span> <span class='ocrx_word' id='word_1_311' title='bbox 896 3735 1008 3805; x_wconf 88' lang='lat' dir='ltr'>quidem</span> <span class='ocrx_word' id='word_1_312' title='bbox 1027 3750 1043 3784; x_wconf 80' lang='grc' dir='ltr'>ε</span> <span class='ocrx_word' id='word_1_313' title='bbox 1067 3743 1126 3785; x_wconf 92' lang='lat' dir='ltr'>toto</span> <span class='ocrx_word' id='word_1_314' title='bbox 1151 3745 1249 3787; x_wconf 83' lang='lat' dir='ltr'>senatu</span> <span class='ocrx_word' id='word_1_315' title='bbox 1275 3749 1403 3806; x_wconf 76' lang='lat' dir='ltr'>exceptus</span> 
     </span>
     <span class='ocr_line' id='line_1_39' title="bbox 306 3806 1403 3875; baseline 0.002 -17"><span class='ocrx_word' id='word_1_316' title='bbox 306 3816 356 3869; x_wconf 81' lang='lat' dir='ltr'>ert,</span> <span class='ocrx_word' id='word_1_317' title='bbox 374 3806 422 3858; x_wconf 83' lang='lat' dir='ltr'>sed</span> <span class='ocrx_word' id='word_1_318' title='bbox 441 3808 475 3860; x_wconf 87' lang='lat' dir='ltr'>de</span> <span class='ocrx_word' id='word_1_319' title='bbox 494 3806 623 3858; x_wconf 74' lang='lat' dir='ltr'>subsidiis</span> <span class='ocrx_word' id='word_1_320' title='bbox 643 3806 741 3858; x_wconf 80' lang='lat' dir='ltr'>frustra</span> <span class='ocrx_word' id='word_1_321' title='bbox 759 3806 842 3859; x_wconf 78' lang='lat' dir='ltr'>rerba</span> <span class='ocrx_word' id='word_1_322' title='bbox 859 3807 925 3857; x_wconf 82' lang='lat' dir='ltr'>iecit</span> <span class='ocrx_word' id='word_1_323' title='bbox 940 3815 969 3857; x_wconf 87' lang='lat' dir='ltr'>et</span> <span class='ocrx_word' id='word_1_324' title='bbox 985 3808 1067 3875; x_wconf 83' lang='lat' dir='ltr'>pinne</span> <span class='ocrx_word' id='word_1_325' title='bbox 1084 3807 1319 3859; x_wconf 79' lang='lat' dir='ltr'>nonorrdiobatur.</span> <span class='ocrx_word' id='word_1_326' title='bbox 1338 3809 1403 3860; x_wconf 87' lang='lat' dir='ltr'>inde</span> 
     </span>
     <span class='ocr_line' id='line_1_40' title="bbox 305 3876 1403 3949; baseline 0.005 -22"><span class='ocrx_word' id='word_1_327' title='bbox 305 3878 341 3927; x_wconf 81' lang='lat' dir='ltr'>od</span> <span class='ocrx_word' id='word_1_328' title='bbox 360 3878 499 3939; x_wconf 80' lang='lat' dir='ltr'>Carnium,</span> <span class='ocrx_word' id='word_1_329' title='bbox 528 3878 691 3929; x_wconf 81' lang='lat' dir='ltr'>Francorum</span> <span class='ocrx_word' id='word_1_330' title='bbox 715 3892 812 3943; x_wconf 78' lang='lat' dir='ltr'>regem,</span> <span class='ocrx_word' id='word_1_331' title='bbox 830 3877 987 3948; x_wconf 82' lang='lat' dir='ltr'>profectur,</span> <span class='ocrx_word' id='word_1_332' title='bbox 1012 3892 1048 3927; x_wconf 86' lang='lat' dir='ltr'>ne</span> <span class='ocrx_word' id='word_1_333' title='bbox 1065 3876 1104 3927; x_wconf 89' lang='lat' dir='ltr'>ibi</span> <span class='ocrx_word' id='word_1_334' title='bbox 1124 3878 1236 3946; x_wconf 88' lang='lat' dir='ltr'>quidem</span> <span class='ocrx_word' id='word_1_335' title='bbox 1252 3879 1403 3949; x_wconf 82' lang='lat' dir='ltr'>quidquam</span> 
     </span>
     <span class='ocr_line' id='line_1_41' title="bbox 306 3946 1404 4018; baseline 0.004 -21"><span class='ocrx_word' id='word_1_336' title='bbox 306 3946 441 4009; x_wconf 83' lang='lat' dir='ltr'>obtinuit,</span> <span class='ocrx_word' id='word_1_337' title='bbox 466 3950 594 4018; x_wconf 80' lang='lat' dir='ltr'>qnoniam</span> <span class='ocrx_word' id='word_1_338' title='bbox 620 3949 754 4017; x_wconf 83' lang='lat' dir='ltr'>principes</span> <span class='ocrx_word' id='word_1_339' title='bbox 774 3951 893 3999; x_wconf 76' lang='lat' dir='ltr'>interce</span> <span class='ocrx_word' id='word_1_340' title='bbox 919 3947 1092 4000; x_wconf 68' lang='lat' dir='ltr'>dissidebant</span> <span class='ocrx_word' id='word_1_341' title='bbox 1109 3964 1142 3999; x_wconf 82' lang='lat' dir='ltr'>nc</span> <span class='ocrx_word' id='word_1_342' title='bbox 1160 3948 1325 4000; x_wconf 73' lang='lat' dir='ltr'>sectionibus</span> <span class='ocrx_word' id='word_1_343' title='bbox 1344 3952 1404 4001; x_wconf 88' lang='lat' dir='ltr'>bei-</span> 
     </span>
     <span class='ocr_line' id='line_1_42' title="bbox 306 4017 1404 4087; baseline 0.003 -19"><span class='ocrx_word' id='word_1_344' title='bbox 306 4018 396 4087; x_wconf 80' lang='lat' dir='ltr'>iisque</span> <span class='ocrx_word' id='word_1_345' title='bbox 414 4028 491 4071; x_wconf 84' lang='lat' dir='ltr'>eraut</span> <span class='ocrx_word' id='word_1_346' title='bbox 512 4019 643 4071; x_wconf 77' lang='lat' dir='ltr'>distructi.</span> <span class='ocrx_word' id='word_1_347' title='bbox 662 4020 756 4087; x_wconf 80' lang='lat' dir='ltr'>itaque</span> <span class='ocrx_word' id='word_1_348' title='bbox 774 4018 847 4069; x_wconf 90' lang='lat' dir='ltr'>nibil</span> <span class='ocrx_word' id='word_1_349' title='bbox 864 4017 947 4081; x_wconf 82' lang='lat' dir='ltr'>atiud,</span> <span class='ocrx_word' id='word_1_350' title='bbox 966 4034 1047 4086; x_wconf 82' lang='lat' dir='ltr'>quom</span> <span class='ocrx_word' id='word_1_351' title='bbox 1067 4018 1161 4085; x_wconf 74' lang='lat' dir='ltr'>grandi</span> <span class='ocrx_word' id='word_1_352' title='bbox 1181 4022 1295 4087; x_wconf 80' lang='lat' dir='ltr'>pecunia</span> <span class='ocrx_word' id='word_1_353' title='bbox 1318 4021 1404 4073; x_wconf 82' lang='lat' dir='ltr'>inriti-</span> 
     </span>
     <span class='ocr_line' id='line_1_43' title="bbox 306 4088 1404 4159; baseline 0.005 -21"><span class='ocrx_word' id='word_1_354' title='bbox 306 4088 371 4140; x_wconf 87' lang='lat' dir='ltr'>iiter</span> <span class='ocrx_word' id='word_1_355' title='bbox 388 4091 529 4159; x_wconf 74' lang='lat' dir='ltr'>absumpta</span> <span class='ocrx_word' id='word_1_356' title='bbox 560 4098 589 4142; x_wconf 89' lang='lat' dir='ltr'>et</span> <span class='ocrx_word' id='word_1_357' title='bbox 613 4090 684 4159; x_wconf 75' lang='lat' dir='ltr'>gravi</span> <span class='ocrx_word' id='word_1_358' title='bbox 713 4098 853 4141; x_wconf 77' lang='lat' dir='ltr'>contracto</span> <span class='ocrx_word' id='word_1_359' title='bbox 880 4104 944 4140; x_wconf 85' lang='lat' dir='ltr'>aere</span> <span class='ocrx_word' id='word_1_360' title='bbox 969 4090 1062 4141; x_wconf 88' lang='lat' dir='ltr'>oiieno</span> <span class='ocrx_word' id='word_1_361' title='bbox 1080 4097 1192 4158; x_wconf 83' lang='lat' dir='ltr'>propter</span> <span class='ocrx_word' id='word_1_362' title='bbox 1218 4098 1355 4142; x_wconf 79' lang='lat' dir='ltr'>ruintnorn</span> <span class='ocrx_word' id='word_1_363' title='bbox 1376 4094 1404 4143; x_wconf 87' lang='lat' dir='ltr'>in</span> 
     </span>
     <span class='ocr_line' id='line_1_44' title="bbox 304 4158 1403 4232; baseline 0 -19"><span class='ocrx_word' id='word_1_364' title='bbox 304 4160 387 4214; x_wconf 77' lang='lat' dir='ltr'>ltalia</span> <span class='ocrx_word' id='word_1_365' title='bbox 404 4160 630 4232; x_wconf 75' lang='lat' dir='ltr'>magnitudinem,</span> <span class='ocrx_word' id='word_1_366' title='bbox 649 4160 781 4217; x_wconf 76' lang='lat' dir='ltr'>Venetiae</span> <span class='ocrx_word' id='word_1_367' title='bbox 802 4176 932 4227; x_wconf 75' lang='lat' dir='ltr'>reversus,</span> <span class='ocrx_word' id='word_1_368' title='bbox 949 4158 1035 4215; x_wconf 79' lang='lat' dir='ltr'>inscio</span> <span class='ocrx_word' id='word_1_369' title='bbox 1055 4160 1152 4225; x_wconf 79' lang='lat' dir='ltr'>misso,</span> <span class='ocrx_word' id='word_1_370' title='bbox 1169 4160 1326 4215; x_wconf 78' lang='lat' dir='ltr'>Andronico</span> <span class='ocrx_word' id='word_1_371' title='bbox 1344 4164 1403 4216; x_wconf 83' lang='lat' dir='ltr'>tilio</span> 
     </span>
    </p>
   </div>
   <div class='ocr_carea' id='block_1_6' title="bbox 0 0 1526 4900">
    <p class='ocr_par' dir='ltr' id='par_1_8' title="bbox 0 0 1526 4900">
     <span class='ocr_line' id='line_1_45' title="bbox 0 0 1526 4900; baseline 0 3"><span class='ocrx_word' id='word_1_372' title='bbox 0 0 1526 4900; x_wconf 95' lang='lat' dir='ltr'> </span> 
     </span>
    </p>
   </div>
  </div>
 </body>
</html>
