3042 4900
239 309 294 370 ur
317 302 679 370 summourcsrsss
699 304 865 372 musmo
883 308 1111 375 uruasrro.
1142 280 1221 368 521

139 453 267 540 χρόνων
286 450 382 537 μόνον
391 450 506 537 ταύτης
517 448 705 535 σῖπώραντας
716 457 752 519 ἐκ
777 459 835 540 τῆς
845 464 909 523 τῶν
921 460 1032 525 δεινών
1054 459 1228 542 συνεχείας,

142 551 226 621 ἄλλα
246 552 285 639 δη
306 558 361 619 καιΙ
378 556 441 618 τών
461 550 675 634 αἰχμαλώτων
701 560 915 639 γεγενημένων
935 558 1009 631 τούς
1027 556 1228 645 ζὸθενδὴποτε

141 658 199 739 τῆς
227 656 412 736 ἐλευθερίας
440 653 644 736 ἠξιωμένους.
693 658 925 739 ἠλευθέρωνται
958 656 1012 722 καί
1035 657 1094 743 γὰρ
1126 655 1231 723 ἱκανοί

142 757 267 818 πσλλών
286 756 445 838 θεοφιλῶν
464 752 545 834 ὑπὲρ
580 751 784 837 δναρρδσεως
804 756 894 839 ἡμῶν
916 752 1090 842 προθύμως
1109 780 1229 843 κεκινη-

114 868 135 933 5
142 856 255 935 μένων,
274 856 329 917 καί
346 850 485 932 μάλιστα
503 856 562 917 τοῦ
577 855 640 917 τών
659 856 789 939 Σέρβων
808 850 979 940 ἄρχοντος,
996 848 1022 944 ᾦ
1040 858 1103 921 τών
1125 848 1286 923 ditasses

142 951 242 1017 αὐτοῦ
261 948 539 1035 πλεονεκτημάτων
559 953 717 1036 ἐξαίρετον
734 954 755 1039 ἦ
771 953 851 1039 πρδς
870 954 946 1031 roric
964 958 1130 1037 δεομένους
1143 958 1229 1021 ἐστίν

141 1051 272 1117 ου’πσιιά
292 1046 450 1116 ἑκάστοτε.
496 1050 630 1135 χρυσίον
658 1040 714 1117 καί
732 1051 794 1137 γὰρ
817 1041 909 1131 οὗτός
928 1078 1009 1121 τισιν
1030 1046 1075 1131 οἷς
1096 1052 1229 1139 δθώρρτι

137 1152 284 1235 χειρίσας
296 1151 344 1213 ἐπ’
358 1150 526 1239 ἐλευθερίην
542 1152 603 1215 τών
617 1153 829 1234 αἰχμαλώτων
844 1156 934 1218 τοῦτο
949 1156 1081 1239 δοθῆναι
1094 1176 1229 1241 παρεκε-

140 1248 284 1315 λεύσατο.
303 1250 359 1315 καί
369 1249 426 1313 oris
435 1249 499 1315 σίπδ
514 1253 569 1335 τῆς
582 1249 701 1317 ἐκείνου
714 1248 840 1339 γνώμης
856 1254 984 1335 ἐγένετο·
1006 1254 1154 1337 δπρίαντο
1165 1252 1228 1339 γὰρ

96 1352 198 1425 roscii
208 1349 347 1434 χρυσίου
370 1345 401 1415 οἱ
420 1346 501 1432 πρὸς
520 1352 597 1415 αὐτὸ
612 1354 796 1432 τεταγμένοι
809 1349 952 1434 πολλούς,
974 1352 1007 1418 οἳ
1025 1350 1131 1435 dsistas*
1149 1354 1228 1417 iuu-

139 1446 257 1525 νιδντες
277 1447 332 1513 ἐπί
350 1449 406 1534 την
419 1448 523 1534 πόλιν,
543 1448 585 1525 ὥς
603 1449 739 1529 εἰκάζειν
758 1446 880 1533 ἔχομεν,
902 1453 1000 1537 μέχρι
1012 1454 1069 1517 τοῦ
1091 1456 1147 1517 νῦν
1166 1451 1230 1519 εἶσί

139 1545 222 1631 μετὰ
246 1550 310 1613 τών
327 1550 381 1611 ἀπ’
407 1540 511 1613 ἄλλων
537 1544 643 1612 τόπων
671 1552 874 1633 ἐληλυθότων
894 1550 973 1617 ώσεί
991 1554 1101 1634 χιλισι.
1143 1552 1229 1618 τίδὲ

139 1646 197 1711 καὶ
214 1651 423 1731 συναριθμεῖν
447 1671 495 1723 τις
521 1649 630 1714 ἐθέλοι
660 1649 715 1711 καί
741 1647 818 1723 τους
846 1647 905 1733 τὴν
932 1647 1024 1715 πόλιν
1044 1650 1229 1735 οἰκήσαντας

142 1745 317 1830 Τοδρκσυς,
339 1739 402 1809 εἶεν
422 1740 461 1811 ἂν
477 1745 556 1811 aasz
575 1742 736 1829 δισχίλιοι.
778 1745 986 1829 διενοούμεθα
1007 1752 1043 1813 δὲ
1062 1749 1121 1833 τήν
1141 1747 1230 1816 πόλιν

93 1844 195 1919 ιΒκαί
213 1837 310 1920 αὖθις
332 1843 389 1925 τὴν
418 1850 494 1931 πρίν
521 1846 619 1928 αὐτῆς
641 1842 813 1927 ου’κοσμιαν
840 1847 1010 1929 ἀναλαβεῖν
1034 1846 1090 1913 καί
1114 1846 1153 1913 τοὶ
1172 1852 1230 1931 τῆς

139 1942 307 2026 εδσεβειας
326 1936 465 2028 οἷνθῆσαι
484 1942 540 2007 καί
557 1946 773 2028 πλατυνθῆναι
801 1943 844 2021 uir
865 1942 1025 2037 πρότερον.
1067 1944 1124 2011 καί
1139 1949 1228 2031 γδγο-
1279 1998 1282 2005 .

139 2065 193 2107 νεν
213 2038 254 2107 dr
272 2040 360 2123 ἴσως,
382 2043 414 2108 εἰ
430 2040 475 2127 μὴ
495 2046 551 2109 καί
566 2039 660 2108 πάλιν
678 2042 714 2108 τὸ
736 2045 858 2127 πλῆθος
869 2047 931 2109 τών
952 2044 1229 2131 ἡμετέρανσφαλ-

135 2139 247 2224 μα’των
266 2141 411 2222 ἐμποδών
431 2134 671 2226 ἐγεγόνείκαίῆ
694 2144 788 2207 κακία
806 2141 851 2227 μή
873 2144 984 2227 χώραν
1006 2138 1109 2230 εὗρεν.
1130 2145 1164 2223 d}
1184 2136 1226 2209 οὗ

136 2239 198 2328 γὰρ
214 2241 235 2327 ἦ
249 2241 341 2318 πόλις
362 2238 549 2323 tetrisono,
568 2239 625 2305 καὶ
644 2240 853 2329 δΜουριέτης
874 2242 975 2308 πάντα
993 2247 1050 2309 καί
1069 2247 1225 2327 κτίσματα

87 2343 194 2419 ,0καί
207 2341 350 2426 κτήματα
371 2340 427 2407 καί
438 2339 517 2417 νεώς
529 2338 638 2426 ῖερους
649 2346 705 2407 καί
721 2341 821 2422 μονιές
840 2346 897 2409 καί
908 2343 966 2419 τὰς
980 2347 1043 2410 τών
1063 2340 1226 2428 προσόδων

136 2440 405 2528 αδτώνσῖφορμάς
418 2444 601 2509 ἐπανιοῦσιν
611 2440 688 2527 ἡμῖν
700 2450 766 2519 τοῖς
779 2439 983 2528 ὁπωσδήποτε
1001 2446 1057 2526 τῆς
1077 2444 1223 2520 δουλείας
1280 2434 1285 2443 ’

135 2541 346 2625 ἀπαλλαγεῖσι
369 2547 545 2630 φιλοτίμως
571 2544 627 2606 καί
649 2537 817 2625 γράμμασι
844 2541 900 2606 καί
920 2539 1022 2625 λόγοις
1041 2543 1221 2626 δεδώρητο,

136 2641 302 2725 πανταχοῦ
313 2664 348 2706 τε
368 2649 433 2721 τοῖς
453 2641 695 2729 α’φικνονμίνοις
720 2637 906 2728 ἐλευθερίαν
922 2641 1062 2730 ἔκη’ρυξι,
1084 2639 1141 2708 καί
1163 2641 1222 2722 τὰς

135 2930 186 2967 nos
204 2930 292 2966 rerum
310 2915 439 2984 angustiis
454 2916 541 2985 pressi
556 2930 590 2967 ex
607 2929 641 2968 ea
657 2922 832 2979 secesserant,
849 2916 931 2970 etiam
946 2915 973 2968 vi
992 2915 1103 2968 reduces
1117 2916 1218 2982 ¹seuera,

134 2985 255 3055 captivos
273 2987 338 3038 item
355 2987 547 3056 quoquomodo
566 2988 596 3040 in
622 2985 776 3040 libertatem
799 2987 960 3038 vindicatos.
1005 3002 1119 3056 namque
1138 3003 1219 3056 quam

134 3057 246 3178 plurimi
264 3058 370 3126 piorum
394 3057 545 3122 bominum,
563 3058 707 3110 infortunii
731 3059 964 3110 commiseratione
986 3055 1160 3119 devictorum,
1181 3057 1217 3107 ti-

155 3128 296 3191 entreats,
314 3137 343 3180 et
357 3128 526 3196 potissimum
546 3129 686 3180 Servorum
712 3129 864 3197 principis,
885 3127 927 3179 cui
946 3143 1010 3194 prae
1029 3125 1098 3187 eliis,
1117 3127 1217 3195 quibus

134 3206 255 3250 caeteros
280 3207 404 3267 superat,
421 3199 568 3250 virtutibus
593 3200 766 3267 praecipuum
794 3206 836 3250 est
857 3199 886 3250 iu
905 3214 1003 3265 egenos
1022 3196 1217 3259 beneficentia,

135 3267 268 3339 redempti
284 3269 401 3321 fuerant.
438 3269 461 3321 is
479 3271 552 3320 euim
572 3287 666 3320 aurum
686 3269 846 3320 iidisumicis
863 3268 1046 3320 concreditum
1067 3283 1114 3336 pro
1133 3269 1217 3318 liber-

134 3347 192 3392 tate
209 3340 374 3408 captivorum
395 3339 516 3408 impendi
541 3339 730 3404 παραστατεῖς
757 3354 846 3408 neque
865 3339 978 3390 oonsilio
999 3339 1140 3389 frustratus
1159 3347 1217 3400 est,

135 3427 170 3461 eo
188 3408 325 3478 siquidem
342 3427 408 3462 astro
425 3410 524 3461 multos
537 3409 572 3461 ab
591 3427 624 3462 eo
644 3412 718 3461 missi
730 3409 918 3475 redemeruut;
939 3410 986 3478 qui
1005 3409 1104 3459 reversi
1121 3409 1150 3460 in
1168 3427 1218 3477 pa-

134 3481 232 3542 triam,
249 3488 280 3531 ut
296 3481 463 3544 coniicimoa,
482 3480 517 3532 ud
536 3479 589 3532 boc
607 3489 711 3550 tempus
729 3497 789 3532 cum
806 3480 882 3542 aliis,
902 3481 948 3549 qui
967 3497 1000 3530 ex
1020 3479 1130 3530 diversis
1149 3479 1216 3531 locis

123 3545 190 3602 ‘buc
208 3567 355 3615 accurrere,
373 3560 437 3604 suut
457 3567 571 3602 numero
590 3553 674 3603 miile.
718 3561 748 3603 et
770 3551 792 3602 si
812 3551 873 3620 quis
891 3551 970 3601 simui
988 3552 1087 3602 Turcus
1107 3550 1218 3600 huiusce

136 3620 212 3672 urbis
225 3619 391 3674 habitatores
408 3623 595 3680 numeraverit.
614 3631 693 3674 erunt
706 3621 762 3674 iere
783 3621 823 3673 bis
842 3621 926 3672 miiie.
963 3620 1137 3689 opinabamur
1153 3633 1217 3670 vero

135 3691 230 3744 urbem
248 3705 337 3744 rursus
350 3694 493 3761 pristinum
510 3693 634 3745 decorem
647 3703 823 3763 recepturam,
837 3700 864 3743 et
875 3696 1001 3761 pietatem
1017 3692 1091 3742 novis
1109 3689 1219 3742 floribus

135 3779 298 3814 emersuram
314 3771 350 3826 et,
367 3774 400 3815 ut
415 3772 503 3823 autea,
520 3764 601 3831 longe
616 3765 727 3834 lateque
747 3763 935 3830 divagaturam.
962 3772 989 3814 et
1007 3763 1077 3812 forte
1095 3765 1218 3812 effectum

135 3834 284 3894 habuisset,
298 3835 328 3883 ui
339 3851 426 3886 rursus
437 3851 555 3886 meorum
565 3834 724 3886 delictorum
734 3837 811 3903 copia
828 3833 979 3886 obstitisset
996 3833 1129 3900 <latusque
1149 3841 1221 3885 esset

134 3906 211 3958 locus
232 3903 408 3972 improbitati.
429 3921 462 3955 ex
473 3923 527 3974 quo
538 3907 609 3956 euim
622 3907 716 3957 civitas
733 3905 889 3974 captivitate
907 3923 996 3974 pressa
1010 3903 1105 3964 iuerat,
1117 3912 1144 3953 et
1156 3904 1219 3954 Μα-

134 3985 207 4030 rates
225 3975 316 4026 omnia
335 3983 365 4026 et
383 3974 506 4028 aedificia
527 3983 555 4027 et
566 3979 749 4046 possessiones
767 3983 795 4027 et
812 3991 885 4026 sacra
906 3975 1005 4044 templu
1020 3983 1047 4025 et
1058 3975 1222 4027 monasterie

135 4057 164 4100 et
183 4065 277 4104 eorum
295 4045 397 4098 reditus
415 4046 495 4098 nobis
511 4048 710 4099 revertentibus
729 4063 842 4119 quoquo
860 4047 940 4098 modo
959 4045 1052 4098 liberis
1071 4045 1147 4096 iactis
1165 4063 1221 4096 sna-

133 4121 231 4187 guiiice
249 4127 277 4170 ct
294 4118 395 4186 scripto
416 4127 445 4169 et
460 4134 584 4170 sermone
603 4119 731 4186 elargitus
749 4125 799 4180 est,
820 4125 848 4166 et
867 4117 934 4169 iocis
953 4114 1119 4167 exomnibus
1139 4114 1222 4166 adve-

133 4189 273 4244 nientibus
291 4187 444 4243 libertatem
461 4189 551 4260 polam
571 4187 675 4255 edixit·
687 4197 716 4243 et
732 4205 794 4244 sasas
814 4187 909 4240 domus
930 4197 958 4240 et
975 4201 1152 4259 quaecuuque
1170 4185 1221 4240 im-
