3042 4900
321 351 597 418 saeviamus
628 352 737 415 acan
765 354 967 417 niouonn.
1102 316 1183 407 533

102 496 227 569 ἀνωθεν
249 500 329 585 adse,
349 506 464 589 φωνάν
476 506 534 567 νύν
555 500 680 585 αἴρεται
692 500 824 586 ἀσήμων
838 505 969 587 κραυγή,
990 500 1092 567 scissi
1116 506 1187 567 das·

102 602 207 687 μύνων
227 600 377 689 ἔφη’ύειαι
396 604 518 687 φῦλον,
549 598 687 684 σιγάσας
707 602 791 683 ύριὸν
811 600 979 684 παννύχονν
1000 604 1089 690 sidcis
1108 600 1187 685 ύπη-

103 706 231 783 ρίτιιλος
250 700 401 784 γλώττας.
441 701 553 781 οἴμοι]
573 705 638 776 ’πῶς
660 695 702 765 ἀν
720 703 878 784 ἀθακροτί
895 701 952 785 την
971 702 1090 766 τούτων
1106 698 1187 785 μνη·

103 826 169 886 μην
191 804 363 883 ύνίγκοιμι;
395 800 557 879 ἔνθαζάν
586 796 809 878 αύτόςὸκαθ’
831 797 975 883 ἡμᾶςδι’
999 800 1082 882 ἡμᾶς
1100 800 1187 881 γενύ-

77 902 96 963 5
103 924 197 982 μενος
217 904 422 984 καθεωρᾶτο,
455 900 555 985 δῆμός
574 924 610 964 τε
635 902 854 965 συνεστέλλετο
883 900 1009 979 βλέπειν
1029 898 1187 983 ἀγγέλων,

103 998 182 1083 ἔργα
202 1008 268 1073 τοῖς
287 1001 444 1076 ἀντιθέοις
464 1002 661 1084 παρανομίας
682 1002 846 1080 τολμᾶτον.
865 1002 920 1063 καί
940 1000 1070 1081 οκηπτοί
1090 998 1183 1079 ούρα·
1196 1014 1249 1082 ³79

104 1100 202 1164 νόθεν
230 1098 270 1161 ού
298 1102 539 1185 καταφέρονται.
590 1094 740 1166 ἀτόπων
768 1102 834 1186 θεῷ
853 1100 1110 1183 ἀφωσιωμένοννί
1151 1095 1190 1180 ἣν

104 1200 284 1265 ἔπλοοτεῖτε
305 1201 397 1264 θείαν
416 1196 586 1286 ἀφῄρησθε
603 1196 718 1283 χάριν,
748 1200 804 1264 καί
829 1206 894 1273 τοῖς
914 1204 1081 1281 τολμηταίς
1101 1192 1189 1277 παρά

106 1300 232 1382 φαῦλον
246 1301 418 1380 λογίζεσθε.
459 1293 487 1363 d
509 1298 611 1376 παῑςύ
635 1303 691 1383 τῆς
712 1300 883 1382 εύημερίας
896 1296 972 1379 ἡμῖν
992 1295 1102 1377 καιρός
1121 1299 1191 1359 das.

62 1417 98 1459 το
107 1399 227 1471 θέσεως
239 1397 294 1460 καί
304 1400 505 1481 καταδρομῆς
517 1402 633 1481 γέγονε,
648 1399 704 1462 καί
716 1400 978 1481 καταλειφθέντες
990 1394 1126 1477 αἰσχύνη
1140 1392 1194 1457 κού

107 1488 229 1570 ὄνειδος
240 1493 444 1578 γεγενήμεθα.
467 1497 607 1577 οἴχονται
619 1494 819 1579 πανηγύρεις,
834 1494 974 1577 οἴχονται
988 1495 1084 1563 θείων
1105 1496 1195 1558 insu·

107 1596 269 1675 ποομάτιον
289 1597 518 1677 λαμπρότητες.
539 1595 683 1659 ἀπόλωλε
707 1592 878 1677 παρρησία.
910 1593 943 1658 τὸ
964 1596 1024 1659 τῶν
1044 1594 1194 1678 μοναχοῖν

107 1692 303 1777 ἀπελήλαται
313 1694 427 1774 τάγμα,
440 1698 494 1758 κατ’
503 1695 612 1757 πολιαὶ
621 1698 839 1777 πρεσβυτέρων
849 1696 903 1756 καί
915 1690 1070 1756 ύιακάνανν
1082 1693 1195 1773 σεμνύ-

108 1819 166 1879 της
174 1797 213 1865 ἀν
224 1803 287 1868 τοῖς
296 1794 417 1871 ἀτίμοις
428 1796 609 1876 λογίζονται.
627 1786 680 1877 ἀρ’
692 1789 750 1855 ούκ
761 1791 893 1875 ἀβίωτος
906 1788 921 1854 ὃ
933 1792 1000 1871 βίος
1017 1791 1104 1875 ἡμῶν
1117 1794 1196 1872 ἐστι’,

63 1893 166 1959 abaci
188 1885 357 1975 ἧττοντού
384 1895 440 1975 ζῆν
460 1890 497 1955 τὸ
525 1898 634 1955 θανεῖν
657 1893 725 1957 ε’στὶ
744 1900 869 1973 πικραῖς
888 1888 971 1955 ούτον
991 1894 1196 1971 βαλλομένοις

110 1996 184 2057 καθ’
198 1986 331 2076 ἑκάστην
344 1986 490 2070 ὀδύναις,·
503 1985 584 2074 ἦπου
596 2014 632 2072 γε
647 1992 762 2065 πάντες
777 1983 816 2053 dv
829 2014 883 2069 μοι
897 1994 1152 2075 σομφθὲγξαιντο
1167 1986 1201 2053 ol

110 2089 246 2173 πάσχειν
265 2095 298 2155 ἐν
316 2100 380 2165 τοῖς
402 2092 551 2167 τοιούτοις
572 2090 763 2175 πεφύκεσαν.
806 2087 949 2175 η’πύρησα
974 2084 1030 2155 σύν
1048 2086 1197 2167 πολλάκις

110 2196 179 2255 κατ’
204 2187 342 2270 ἑμαντύν
362 2184 436 2253 ἀνθ’
454 2184 528 2255 drea
548 2191 661 2272 ταῦτα,
689 2192 745 2253 καί
764 2191 830 2265 πούς
851 2191 897 2263 εἰς
916 2192 1063 2253 τοσοῦτον
1083 2184 1198 2272 ἥκομεν
1300 2228 1303 2232 -

111 2292 324 2371 κακοπραγίας
341 2287 373 2353 οἷ
391 2288 589 2363 πεπονθότες.
632 2290 687 2355 καιΙ
706 2282 800 2374 εὗρον
824 2287 939 2354 λύοντά
962 2310 1015 2369 μοι
1037 2285 1092 2351 adv
1111 2292 1200 2351 θεῖον

62 2414 104 2456 ao
112 2388 204 2473 λόγον
224 2386 282 2471 την
304 2387 456 2472 ἀπορίαν,
481 2386 608 2455 “ε”σται”
638 2391 766 2472 λέγοντα
785 2386 825 2470 “si
846 2391 886 2473 γῆ
906 2384 995 2470 ὑμῶν
1013 2382 1127 2474 ἕρημος
1147 2384 1201 2450 καὶ

111 2487 148 2554 αἲ
182 2489 329 2562 ἐπαύλεις
350 2486 441 2571 ύμοῖν
461 2487 592 2574 ἔρημοι,
624 2484 673 2553 ὅτι
702 2487 793 2571 ύμεῖς
821 2485 1013 2574 ἕπορεύθητε
1044 2485 1124 2570 πρὸς
1144 2487 1200 2566 snt
1283 2481 1292 2502 ⁹

54 2587 58 2595 ’
112 2589 250 2673 πλάγιοι,
272 2585 357 2672 κάγά
379 2585 574 2673 πορεύσομαι
593 2587 672 2674 πρὸς
692 2587 776 2670 ύμάς
797 2589 831 2654 ἐν
849 2591 943 2677 θυμῷ
962 2585 1110 2676 πλαγιλρ.”
1150 2581 1202 2650 ἔν·

116 2891 173 2926 τινα
193 2873 281 2942 fragor
297 2873 447 2926 sustollitur
466 2882 495 2927 et
512 2875 782 2928 daemonumcborea
801 2875 943 2939 subsultat,
964 2875 1027 2926 dum
1047 2874 1202 2926 cautionum

115 2952 201 2997 totam
210 2953 318 2996 noctem
328 2946 517 3014 pervigilantes
535 2947 704 3001 administras
717 2947 822 3016 linguas
839 2949 983 2998 taciturnus
995 2945 1133 3012 conspicit.
1154 2961 1203 2995 vae

115 3015 196 3068 mihil
217 3033 269 3085 qua
282 3018 387 3067 ratione
397 3017 500 3086 absque
512 3019 627 3069 lacrimis
636 3034 727 3069 eorum
739 3020 894 3070 memoriam
905 3015 1040 3083 repetam?
1055 3015 1100 3064 ubi
1111 3013 1203 3065 vivens

115 3086 186 3155 ipse,
198 3087 253 3154 qui,
266 3088 335 3137 sicut
350 3105 408 3149 nos,
422 3096 532 3156 propter
543 3107 592 3140 nos
604 3090 699 3150 iactus,
713 3087 930 3155 conspiciebatur
942 3094 970 3136 et
982 3084 1135 3151 angelorum
1154 3101 1202 3135 cu-

116 3159 179 3227 piae
193 3157 284 3208 videre
294 3157 529 3226 pertimescebant,
541 3159 598 3209 illic
610 3160 644 3210 ab
660 3159 749 3226 impiis
764 3157 820 3208 dira
832 3158 949 3207 facinora
959 3163 1160 3224 perpetrantur3
1175 3162 1204 3206 et
1253 3215 1254 3220 ρ

116 3228 231 3280 fulmina
244 3227 278 3278 de
288 3229 364 3279 caelo
380 3245 436 3278 nou
449 3227 569 3281 cadunt?
590 3247 606 3280 ο
626 3231 683 3281 loca
700 3227 752 3278 deo
763 3227 930 3280 consecrata!
950 3243 1002 3294 qna
1013 3225 1203 3286 abundabatis,

116 3298 208 3350 diviua
220 3299 303 3366 gratia
321 3298 487 3367 spoliamini,
507 3308 536 3349 et
553 3299 646 3366 pipulo
666 3319 681 3350 a
699 3299 848 3349 temerariis
860 3295 1026 3347 differimini.
1064 3295 1127 3354 heu,
1148 3311 1203 3362 qno

115 3368 197 3421 moda
207 3369 391 3437 prosperitatis
406 3377 510 3436 tempus
520 3371 694 3437 aggressionis
709 3379 737 3420 et
753 3367 912 3420 incursionis
930 3367 1027 3416 iactum
1044 3375 1094 3427 cst,
1105 3375 1133 3415 et
1145 3382 1203 3427 nos,

115 3441 164 3508 qui
185 3441 372 3502 remansimus,
396 3438 572 3508 opprobrium
601 3449 629 3491 et
646 3438 777 3490 infamia!
821 3438 912 3488 abiere
931 3437 1034 3506 publici
1056 3444 1203 3487 conventas

116 3518 146 3561 et
165 3508 352 3571 celebritates,
367 3509 458 3560 abiere
476 3507 625 3561 divinarum
646 3511 789 3578 effigierum
814 3507 980 3577 splendores.
1018 3508 1100 3576 periit
1117 3505 1203 3556 liber-

114 3589 174 3641 tas,
200 3579 390 3629 monachorum
417 3589 510 3631 coetus
533 3581 635 3631 eiectus
652 3590 710 3645 est,
733 3578 949 3648 presbyterorum
967 3578 1076 3630 canities
1099 3585 1126 3628 et
1145 3575 1204 3627 dia-

115 3665 246 3702 conorum
264 3649 376 3716 gravitas
394 3650 513 3700 omnium
529 3651 654 3702 irrisione
674 3650 828 3701 laeduntur.
864 3667 897 3700 an
915 3665 971 3700 non
988 3650 1043 3699 vita
1057 3645 1204 3698 iniucunda

117 3729 147 3773 et
164 3718 270 3780 acerba,
288 3719 432 3788 minusque
452 3729 493 3771 est
511 3719 590 3772 nobis
602 3723 685 3772 emori
705 3737 783 3790 quam
798 3721 896 3780 vivere,
914 3717 1042 3784 tot,diris
1061 3716 1202 3768 doloribus

117 3790 243 3862 qnotidie
263 3789 415 3856 oppressis?
458 3806 543 3851 sane,
560 3791 632 3842 idem
658 3801 740 3861 atque
759 3807 809 3858 ego
835 3791 954 3840 sentient
972 3790 1020 3856 qui
1039 3787 1155 3856 compati
1174 3789 1204 3840 ia

117 3859 251 3915 similibus
278 3857 405 3911 assolent.
453 3861 559 3927 saepius
585 3863 678 3931 itaque
702 3878 804 3912 mecum
827 3861 885 3928 ipse
910 3859 1069 3910 addubitavi
1095 3875 1150 3926 qua
1169 3855 1204 3910 ds

118 3948 198 3984 causa
217 3929 284 3981 haec
307 3928 385 3980 nobis
409 3927 570 3982 obvenerint
598 3940 697 4001 etqua
718 3931 823 3982 ratione
848 3931 876 3980 ia
895 3938 969 3980 tanta
988 3929 1058 3979 aiala
1077 3927 1203 3978 incideri-

117 4020 192 4067 mns3
211 3999 357 4068 invenique
380 3999 542 4051 dubitationi
573 4018 648 4052 meae
667 4001 807 4053 satisfieri
835 4019 849 4050 a
870 3999 961 4051 divino
982 3999 1103 4068 eloquio,
1117 3995 1203 4050 “erit''

119 4073 226 4125 dicente
242 4069 331 4122 “terra
351 4079 440 4122 vestra
459 4070 563 4120 deserta
585 4079 613 4122 et
630 4072 711 4124 villae
732 4079 835 4122 vestras
854 4069 985 4132 desertae,
1006 4070 1134 4138 quoniam
1157 4087 1209 4120 vos.

118 4141 302 4199 ambulavistis
327 4139 362 4192 sd
388 4157 431 4192 sna
458 4139 581 4208 obliqui,
615 4151 643 4193 et
661 4159 710 4209 ego
727 4139 870 4193 ambulabo
896 4139 994 4191 advos
1013 4141 1041 4190 in
1066 4140 1204 4190 iracundia

119 4213 258 4284 obliqus.''
295 4211 358 4264 hinc
372 4212 450 4285 plura
468 4210 575 4263 decadi
588 4211 669 4264 linem
686 4214 787 4265 iaciens
806 4211 942 4264 silentium
960 4211 1092 4282 praeiere.
1128 4225 1205 4262 narn.
