3042 4900
490 311 565 374 nn
584 313 610 375 r.
640 310 731 378 cto.
748 313 887 378 xxxiv.
1175 313 1231 400 97

141 482 212 542 ρτίς
233 459 291 536 τάς
307 457 489 540 Ῥαμαίίίάς
509 457 565 525 διά
587 461 643 544 τῆς
665 461 764 544 ξηρᾶς
783 465 841 526 τοί
856 464 988 542 Ἰσθμοῦ
1000 462 1035 527 ἐκ
1055 463 1111 546 τής
1124 461 1234 528 Ἕλλα·

143 560 233 644 δίκής
252 559 413 640 θαλάττης
432 559 479 632 τίς
498 554 555 644 τήν
575 557 707 643 δοτικήν
724 555 868 644 περάσας
886 558 963 638 τούς
984 564 1120 646 Κρήτας
1138 561 1234 645 Ἀγα-

142 655 257 744 ρηνοάς
288 656 500 742 ε’τροποδσατο.
553 650 637 722 άλλά
662 662 731 736 πῶς
762 663 817 724 καί
843 657 897 725 διὰ
930 665 964 726 τί
985 659 1020 726 τὸ
1045 658 1125 726 oriri
1152 661 1235 744 μίγα

141 757 346 842 στρατήγημα
367 760 422 821 καί
440 754 531 840 ἔργον
557 759 733 841 περιφανὲς
749 762 806 822 καί
825 749 913 837 άξιον
932 759 1059 844 μνήμης
1079 756 1236 843 ἐγεγόνει,

114 851 204 926 sorio
222 856 464 942 ἐγκαταλείψω,
488 853 570 920 δλλά
600 859 641 943 τῇ
658 855 798 947 ἦμττίρρ
816 851 924 924 {orioro
942 859 1110 942 διηγήσει,
1130 855 1178 926 ἔτι
1201 860 1238 924 δὲ

142 957 200 1021 καί
219 958 283 1030 τάς
304 955 323 1038 vj
344 957 439 1038 νήσας
458 952 571 1040 Κρήτη
587 958 642 1019 καί
660 958 721 1022 τίνι
738 954 845 1045 τρόπῳ
857 953 920 1021 riui
932 956 989 1043 τήν
1007 962 1155 1037 ἐξουσίαν
1175 960 1238 1024 τῶν

142 1056 322 1139 ’Λγσρηνοόν
342 1051 436 1136 ἔτυχε
466 1056 634 1137 γενέσθαι,
655 1053 711 1119 καί
727 1049 828 1132 αὖθις
846 1059 913 1130 πῶς
933 1053 995 1120 ὑπὸ
1014 1057 1071 1141 τήν
1090 1056 1237 1136 ἐξουσίαν

139 1150 303 1236 Ῥωμαίων
322 1157 465 1237 ἐγένετο,
488 1157 631 1229 καὶπῶς
655 1151 719 1218 ὑπὸ
740 1155 800 1239 τὴν
822 1159 969 1232 ἐξουσίαν
992 1157 1051 1240 τῆς
1069 1157 1238 1240 γερουσίας

62 1323 68 1330 ,
146 1250 346 1319 τοῖνἛνττοῖν
367 1256 504 1318 ε’νίπεσε.
524 1255 583 1318 καί
600 1249 697 1318 πάλιν
722 1259 779 1321 τοῦ
794 1253 950 1337 ἡμετέρου
963 1252 1059 1339 ἔργου
1077 1252 1239 1338 ἁψώμεθα

94 1381 135 1420 ro
144 1355 201 1418 καί
214 1353 268 1420 τὸν
289 1357 389 1418 πλοῦν
405 1357 463 1435 τῆς
482 1355 557 1428 νίας
574 1349 718 1438 ἱστορίας
736 1352 928 1437 ποιήσαιμεν.

226 1455 280 1538 δή.
325 1451 366 1518 Οἱ
394 1452 450 1520 τοῦ
470 1449 648 1535 καταράτου
678 1454 837 1535 Μαάμεθ
863 1450 1013 1538 δπάγσνσί
1041 1455 1193 1540 δίάδοχσί
1208 1474 1271 1524 τεΒ

142 1557 201 1620 καί
220 1548 411 1638 κληρονόμοι
433 1552 487 1636 τής
509 1550 611 1616 αὐτοῦ
638 1545 744 1635 άρχῆς
764 1555 889 1636 πρῶτον
908 1557 969 1634 μὲν
988 1556 1043 1639 τής
1060 1558 1127 1620 τῶν
1151 1559 1244 1639 Περ-

142 1658 209 1720 σαῖν
239 1653 344 1736 α’ρχής
371 1652 532 1736 ἐγκρατεῖς
558 1647 719 1734 γινόμενοι
745 1655 801 1718 καί
819 1653 952 1737 Μηδίας
972 1654 1026 1720 καί
1046 1659 1245 1736 Βαβυλῶνος

141 1752 201 1818 καί
217 1745 398 1836 Ἀσσυρίαν
418 1747 661 1834 κυριεύσαντες,
689 1742 749 1835 ήδη
779 1753 816 1816 δὲ
836 1755 892 1817 καί
911 1753 1079 1834 Αἰγύπτου
1102 1758 1159 1820 καί
1181 1758 1246 1818 Συ-

93 1855 218 1938 ιόρίσς
236 1850 293 1917 καί
311 1849 483 1936 Ἀσσυρίας
501 1852 557 1914 καί
576 1854 799 1933 Παλαιστίνης
827 1854 883 1916 καί
904 1848 1034 1934 Λιβύης
1056 1851 1111 1916 καί
1131 1854 1245 1938 Ἀφρι-

140 1955 202 2036 κῆς
221 1953 276 2016 καί
302 1951 422 2032 μίρους
454 1942 513 2012 οὔκ
535 1945 644 2030 σ’λίγου
677 1949 712 2014 ἐκ
732 1951 787 2031 τής
807 1945 982 2036 Εὐρώπης,
1014 1950 1097 2032 μετά
1120 1953 1247 2016 δίτονα

140 2047 258 2134 καιρὸν
281 2046 431 2134 άλλήλοίς
449 2047 698 2130 στασιάσαντες,
720 2047 740 2132 ή
764 2051 824 2130 μία
849 2045 932 2133 αὕτη
951 2047 1071 2133 μεγάλη
1093 2047 1179 2131 α’ρχή
1203 2052 1249 2126 εἰς

140 2148 247 2214 πολλά
270 2151 481 2232 διεμερίσθη,
503 2146 559 2213 καί
582 2140 677 2212 ἄλλον
701 2150 761 2229 μὲν
782 2145 925 2232 α’ρχηγὸν
946 2143 1071 2233 είχενή
1097 2152 1226 2230 Περσία
1238 2197 1249 2229 ,

144 2241 246 2313 άλλσν
266 2250 302 2314 δὲ
324 2245 532 2333 ἧΒαβυλάν,
554 2247 661 2330 ἕτερον
679 2249 715 2312 δὲ
730 2243 771 2312 τά
792 2249 849 2329 τής
865 2244 981 2324 Ἀσίας
1000 2243 1067 2312 ἅνω
1086 2250 1143 2313 καί
1161 2243 1249 2312 κάτω

90 2351 252 2434 αομέρη·
294 2347 352 2413 ἕνα
382 2349 442 2427 μὲν
471 2344 610 2429 α’ρχηγὸν
629 2341 716 2430 εἶχεν
744 2346 765 2431 ή
793 2345 937 2429 Ταρσὸς,
960 2349 1064 2430 ἕτερον
1083 2345 1161 2432 δδή
1187 2346 1251 2412 Τί-

142 2472 222 2533 ρος,
248 2440 343 2515 άλλον
371 2445 407 2511 τά
432 2440 558 2513 Ἰκόνιον
586 2450 641 2511 καί
670 2445 818 2531 ῖτιρονή
845 2442 1010 2529 Metam
1041 2443 1062 2530 ή
1085 2443 1126 2511 τά
1148 2445 1252 2513 πολλά

142 2548 232 2615 καλά
260 2547 317 2614 καί
344 2546 453 2631 ἀγαθά
484 2541 624 2633 ῥέουσα·
682 2548 789 2633 ἓτερον
816 2548 852 2611 δὲ
874 2542 909 2611 τὸ
932 2548 1060 2611 Χαλίπι
1081 2540 1168 2629 εἶχεν
1196 2570 1251 2613 καί

228 2793 264 2827 ιι.
285 2772 342 2847 34]
361 2772 399 2828 κί
420 2773 439 2825 Ρ
472 2774 541 2843 περλ
558 2774 616 2827 τοῖν
637 2774 687 2826 τοῦ
710 2768 845 2845 Μυάμεδ
862 2770 1020 2842 διαδόχων,
1039 2773 1110 2829 ἔνθα
1128 2772 1251 2829 rainoni

112 2854 121 2863 ’
224 2847 411 2917 ἐβασίλευσαν
421 2843 458 2894 Μ.
474 2847 543 2917 ττερλ
558 2847 617 2902 τῶν
632 2844 682 2899 τοῦ
696 2848 797 2900 Μ-θ
808 2840 970 2917 άτιογόνων,
988 2844 1095 2897 σαοίιίλί
1113 2844 1184 2903 ἔνθα
1201 2850 1252 2901 καλ

224 2917 284 2973 ποῦ
304 2917 507 2989 ἐβασίλευσαν,
528 2914 549 2966 t>

146 3119 277 3175 trireme
293 3120 426 3171 Romanae
443 3135 495 3189 per
521 3119 708 3172 continentem
728 3126 825 3172 terram
843 3119 940 3173 isthmi
966 3134 999 3173 ex
1015 3120 1082 3171 meri
1101 3117 1205 3171 Graeoo
1222 3119 1253 3171 in

147 3188 325 3245 ooeidentale
352 3192 436 3243 traxit
460 3189 588 3260 fuditque
612 3192 749 3259 rigarenoe
768 3191 919 3244 Cretenses.
948 3188 1086 3260 quomodo
1114 3197 1204 3241 autern
1222 3197 1253 3242 et

147 3276 239 3332 quere
254 3261 308 3313 hoe
320 3261 490 3331 praeclarum
505 3268 670 3328 strategum
684 3270 713 3314 et
723 3271 857 3331 perpetuo
875 3259 1071 3315 celebrandurn
1089 3259 1261 3329 socinuape:

147 3342 257 3385 tratum
274 3332 367 3395 fuerit,
384 3348 440 3385 non
456 3332 669 3403 praetermittam
688 3331 794 3395 dicere,
810 3333 860 3385 aed
881 3332 1031 3385 narrationi
1051 3339 1158 3384 nostrae
1176 3333 1253 3383 inae-

148 3418 232 3467 ram3
247 3404 313 3457 item
331 3402 557 3467 commemorabo,
575 3420 632 3473 quo
650 3413 729 3473 paeto
748 3403 829 3457 Creta
846 3404 936 3456 inruit
954 3403 984 3454 in
1001 3410 1165 3472 potestatem
1179 3404 1252 3469 Aga-

149 3488 283 3527 renorurn
298 3476 415 3538 venerit,
432 3482 462 3525 et
479 3490 579 3536 καίτοι,
600 3491 654 3544 qua
674 3475 779 3527 ratione
798 3473 833 3525 ad
852 3477 985 3527 Romanos
1004 3472 1125 3538 redierit,
1142 3483 1169 3525 et
1189 3482 1255 3525 tan-

149 3544 218 3597 dern
236 3544 287 3595 καλ)
294 3544 463 3599 Venetorum
484 3544 615 3597 ditionem
634 3546 812 3597 eoneeaeerit:
831 3554 889 3599 tum
907 3544 1027 3615 denique
1046 3543 1080 3596 ad
1097 3545 1254 3597 institutum

149 3612 306 3668 redibimua
320 3624 350 3669 et
368 3618 526 3669 recentioris
551 3616 683 3669 historiae
700 3616 778 3667 flium
796 3624 979 3685 pertenemne.

227 3684 273 3753 34.
307 3686 470 3741 Eneorandi
487 3686 648 3741 Monametia
668 3687 773 3758 poateri
791 3697 819 3739 et
837 3702 1005 3739 successoren
1025 3692 1054 3738 et
1069 3684 1176 3753 imperii
1196 3684 1254 3736 eina

150 3753 292 3817 herodes,
314 3760 429 3825 primurn
450 3760 589 3811 Perearom
609 3775 692 3827 regno
710 3767 794 3827 atque
805 3758 913 3821 Media,
933 3756 1083 3825 Babylonia
1103 3762 1132 3808 et
1147 3754 1256 3822 Assyria

150 3826 255 3894 potiti,
283 3826 382 3880 deinde
408 3830 491 3882 etiam
508 3831 671 3899 Aegyptum,
690 3829 808 3895 Syriam,
826 3830 968 3896 Assyriam,
995 3825 1191 3888 Palaestinam,
1208 3825 1257 3875 Li-

151 3898 256 3963 byam,
273 3896 389 3951 Atrium
410 3910 440 3953 et
455 3900 580 3970 Europae
604 3901 725 3970 regiones
743 3916 800 3951 non
819 3916 919 3971 paucas
939 3898 1094 3961 conterriti,
1114 3896 1255 3966 aliquanto

152 3976 222 4037 poet
238 3967 378 4021 dieoordee
402 3972 475 4024 inter
494 3971 704 4034 resentirent,
731 3968 805 4021 unde
824 3988 910 4025 unum
929 3969 1001 4022 illud
1019 3982 1147 4037 magnum
1164 3968 1257 4035 impe-

154 4038 227 4089 rium
253 4040 284 4091 in
306 4040 392 4091 multa
426 4059 509 4110 regno
537 4041 655 4094 divitum
680 4049 735 4105 eet,
753 4049 782 4093 et
799 4041 882 4093 alium
904 4040 1056 4111 principem
1074 4040 1161 4091 Pereie
1175 4045 1257 4089 nnete

155 4116 216 4172 eti,
235 4109 321 4161 aliurn
338 4110 453 4177 Babylo,
477 4113 563 4165 alium
590 4112 715 4182 reperior
732 4120 761 4165 et
781 4111 906 4165 'inferior
923 4111 1005 4175 Aria,
1035 4110 1119 4162 alium
1137 4108 1256 4170 Teroua,

155 4179 245 4231 aliurn
261 4180 365 4248 Τγτιιτ,
389 4181 473 4235 alium
490 4184 632 4245 iconium,
661 4182 743 4235 aliurn
770 4183 864 4235 multia
889 4182 938 4235 itio
958 4190 986 4234 et
1004 4180 1149 4252 praeclaris
1175 4178 1257 4231 rebue

229 4291 390 4347 perarma.
1099 4308 1113 4357 7
